3728 6276
112 196 166 255 bib

112 409 197 466 Nemo
217 402 379 477 pauperculo
402 397 493 454 animo
504 393 616 458 sentiat,
631 399 659 446 et
676 387 766 444 rolrat
788 384 858 457 apud
871 397 903 440 se

113 502 200 574 ipsum
218 496 427 553 mendicissimas
442 491 451 523 ¹
469 486 660 558 cogitationes,
682 489 711 538 et
733 478 805 535 dieat
817 477 869 534 sibl
893 493 901 529 z

112 590 252 660 Quomodo
270 589 298 643 in
312 583 436 658 principio
456 589 509 637 erat
525 577 651 639 Verbum,
671 581 695 627 et
720 568 830 625 Verbum
849 574 904 623 erut

112 686 183 755 apud
194 684 292 746 Deum,
313 689 336 733 et
349 677 418 732 Deus
436 684 489 729 erut
509 669 634 732 Verbum·
649 665 735 721 omniu
754 680 798 735 per
818 663 902 732 iprum

114 784 182 853 {neto
195 784 253 831 suut
264 781 311 830 :et
319 785 383 828 eece
399 768 507 823 Verbum
518 779 577 819 curo
588 767 682 833 {netum
695 767 749 822 ert,
763 765 787 811 ct
801 756 901 809 imbitu-

114 871 148 926 rit
159 870 186 924 in
202 864 295 922 nobirl
308 860 406 919 Audite
418 858 490 914 uude
505 859 600 910 laetum
615 860 666 908 est.
679 849 759 906 Certe
769 845 904 902 eredenti·

112 961 205 1018 busin
219 949 484 1024 nomineejusdedit
503 953 660 1018 potestatem
676 941 746 997 tilios
761 939 808 994 liei
830 937 897 991 [lori.

114 1053 168 1108 Nec
182 1050 232 1120 ipsi
244 1046 340 1118 mribus
354 1042 428 1099 dedit
441 1045 602 1112 potestatem
615 1034 684 1089 illios
705 1031 752 1087 bu·
766 1030 839 1095 beri,
854 1043 903 1097 pu·

114 1153 171 1200 tent
190 1137 354 1211 impossibile
374 1147 436 1191 esse
460 1129 529 1185 illios
549 1126 597 1183 Dei
624 1123 691 1179 beri.
717 1120 824 1175 Verbum
843 1134 904 1173 coro

113 1240 209 1309 {octona
226 1239 279 1293 eet,
293 1236 317 1282 et
330 1222 449 1279 trabituoit
467 1220 495 1274 in
513 1217 594 1273 nobie.
607 1211 696 1270 Nolite
717 1220 809 1281 putare
831 1208 903 1263 mul-

112 1340 169 1385 tum
183 1341 243 1382 esse
256 1313 486 1385 edomuerint
501 1311 548 1368 liei
560 1326 568 1362 ι
581 1315 689 1378 propter
703 1318 750 1358 ros
770 1302 840 1357 titirus
854 1302 904 1355 lm-

112 1417 194 1475 m'mis
203 1416 288 1471 laetos
301 1417 357 1474 est,
371 1406 485 1479 quierat
496 1400 566 1457 titius
578 1399 635 1454 Dei,
645 1397 674 1453 sl
687 1395 771 1450 ιιιιιι
780 1392 903 1461 estipse,

113 1521 144 1567 nt
155 1508 243 1565 minus
252 1510 324 1561 esset
337 1499 380 1572 qui
389 1498 448 1569 plus
461 1502 535 1560 erat;
549 1505 603 1547 uon
616 1494 703 1559 potest
720 1485 808 1540 lacere
818 1498 852 1538 ex
871 1496 905 1537 eo

113 1598 185 1674 qrrod
207 1597 295 1654 minius
318 1603 434 1656 eramus,
450 1596 480 1642 ut
491 1581 590 1654 aliquid
603 1581 662 1651 plus
681 1591 742 1633 esse
756 1573 905 1645 possimos?

113 1687 256 1749 Descendit
271 1683 304 1740 ad
319 1695 384 1749 nos,
397 1688 425 1736 et
435 1690 488 1733 nou
506 1674 541 1731 ad
562 1673 635 1729 illum
648 1664 842 1724 ascendemus?
853 1666 905 1719 Ae·

113 1780 187 1851 cepit
200 1792 249 1850 pro
269 1773 346 1830 uobis
358 1776 471 1828 mortem
484 1772 617 1828 nostram,
627 1767 656 1816 et
667 1772 721 1813 nou
737 1754 814 1811 nobis
829 1753 907 1809 dutu-

114 1890 161 1932 rus
175 1882 216 1929 est
229 1871 309 1924 uitam
322 1863 418 1921 suaml
433 1861 531 1917 Passus
549 1864 589 1912 est
602 1858 711 1923 propter
724 1858 751 1905 te
763 1846 833 1904 mate
843 1854 904 1912 tua,

114 1974 142 2023 et
160 1979 213 2019 non
227 1960 274 2016 tibi
292 1957 403 2014 ducturus
415 1959 456 2009 est
468 1950 537 2004 bona
551 1944 622 2003 sual

149 2051 264 2112 CAPUT
283 2048 327 2106 Vl.
350 2075 387 2089 -
416 2044 444 2101 6.
464 2038 611 2097 lneornotio
634 2050 699 2101 opus
728 2031 906 2102 omnipotentie

119 2145 204 2202 Verbi.
224 2141 278 2200 Sed
295 2135 445 2212 utromodo,
459 2133 560 2204 iuquit,
576 2127 633 2184 lteri
648 2124 733 2196 potuit
745 2131 775 2178 ιι
790 2122 905 2177 Verbum

116 2239 182 2305 Dei,
197 2250 250 2306 ouo
263 2232 426 2304 gubernatur
447 2223 580 2288 muudus,
600 2235 650 2290 per
671 2216 742 2289 quod
765 2223 793 2270 et
815 2221 906 2271 creon

116 2336 177 2388 tuot
192 2335 221 2383 et
241 2329 365 2379 creantur
384 2317 525 2379 anniversa,
539 2317 689 2369 coarctaret
706 2321 737 2362 se
757 2305 784 2360 in
797 2302 907 2375 uirginis

116 2436 240 2486 carneum
271 2416 418 2472 dimitteret
448 2406 593 2472 mundum,
624 2410 652 2458 et
681 2400 822 2455 desereret
852 2398 907 2450 Au·

115 2514 210 2588 gelos,
239 2513 266 2565 in
293 2515 367 2563 utero
397 2503 474 2559 uarius
492 2498 598 2555 lemine
625 2489 823 2549 includeretur?
852 2487 907 2543 Nee

100 2605 186 2663 ‚nosti
209 2601 299 2658 divina
319 2596 446 2667 cogitare.
471 2590 587 2646 Verbum
606 2585 654 2640 Dei
680 2581 740 2655 (tibi
752 2581 866 2650 loquor,
889 2591 907 2632 n

118 2698 214 2762 borno,
225 2694 260 2749 de
271 2685 463 2757 omnipotentia
478 2681 527 2737 Dei
547 2677 627 2735 Verbi
642 2674 688 2731 tibi
710 2668 814 2743 loquor)
830 2684 908 2740 pror·

117 2803 165 2846 rus
191 2794 275 2842 totum
298 2778 398 2851 potuit,
420 2775 481 2845 (piria
497 2781 525 2827 et
539 2769 654 2826 Verbum
680 2762 907 2831 lleiomnipotens

118 2890 177 2946 est,
192 2887 220 2933 et
234 2885 344 2930 nunnere
358 2868 427 2939 apud
447 2866 569 2925 Patrem,
590 2869 620 2915 et
639 2857 732 2912 uenire
743 2853 778 2910 ad
800 2866 865 2916 nos;
881 2858 909 2906 et

117 2974 146 3030 in
159 2984 240 3027 curare
256 2963 399 3038 procedere
420 2958 453 3014 ad
472 2972 536 3020 nos,
559 2963 587 3010 et
608 2950 678 3022 apud
700 2948 786 3018 ipsum
812 2945 906 3001 tatere.

118 3065 209 3132 Neque
221 3059 310 3121 enim,
326 3055 348 3110 si
364 3060 441 3107 nutus
452 3064 487 3104 er
499 3060 579 3102 earne
591 3058 643 3098 uon
657 3047 742 3104 esset,
758 3052 810 3092 non
824 3043 906 3090 esset.

118 3157 183 3212 Erat
197 3160 259 3205 aute
272 3161 378 3202 cantem
393 3156 468 3196 sirum
483 3157 490 3193 ι
505 3139 562 3207 ipse
573 3133 675 3190 erenrit
685 3139 799 3185 matrem
819 3140 906 3182 suurn.

118 3243 206 3314 Elegit
225 3241 252 3296 in
267 3252 319 3309 qua
340 3231 544 3303 conciperetur,
567 3224 668 3281 crearit
681 3220 716 3277 de
733 3234 786 3291 qua
804 3230 909 3273 creare·

118 3346 172 3393 tur.
178 3330 247 3402 Quid
256 3324 372 3383 miraris?
380 3324 463 3378 [ιιιιι
474 3318 519 3375 tibi
528 3317 624 3387 loquor
632 3332 639 3368 :
646 3312 716 3368 Deua
723 3320 777 3366 erut
788 3307 908 3364 Verbum.

154 3420 266 3481 CAPUT
286 3417 341 3474 Vll.
363 3444 400 3457 --
417 3414 445 3468 t.
472 3407 644 3466 similitudine
662 3403 804 3474 eupliaotur
825 3401 910 3455 incor-

119 3519 188 3575 natio
207 3513 291 3570 Verbi.
306 3511 343 3565 lle
355 3506 444 3563 Verbo
454 3501 553 3574 aliquid
565 3513 631 3571 ugo,
643 3506 670 3553 et
682 3494 800 3552 Verbum
813 3492 909 3548 buma-

119 3625 184 3666 uum
203 3605 273 3663 torte
285 3599 385 3672 aliquid
399 3597 487 3653 simile
504 3601 610 3666 potest;
628 3588 840 3661 quamuislonge
860 3584 910 3640 im·

120 3719 184 3776 par,
199 3700 278 3768 longe
296 3696 458 3756 discretum,
473 3703 507 3744 ex
520 3684 592 3740 nulla
608 3680 737 3753 particula
751 3692 910 3750 comparau-

119 3797 202 3861 dmu,
216 3801 304 3846 tamen
323 3785 399 3841 robis
418 3782 506 3852 aliqua
520 3774 692 3833 similitudine
709 3770 908 3828 insinuandum.

120 3887 190 3943 Eece
202 3897 254 3953 ego
274 3878 384 3934 verbum
398 3872 470 3944 quod
483 3869 559 3926 robis
578 3868 687 3937 loquor,
706 3865 733 3919 in
745 3861 828 3918 cordo
850 3873 911 3914 meo

120 3977 194 4050 prius
207 3970 302 4036 hobab,
316 3964 447 4038 prooessit
457 3960 492 4017 ad
505 3969 547 4026 te,
562 3972 612 4014 nee
625 3954 738 4012 recessit
749 3968 765 4009 a
776 3968 820 4009 me
832 3969 840 4005 :
854 3965 911 4007 ece·

121 4067 160 4138 pit
173 4078 233 4120 esse
245 4062 273 4117 in
285 4070 327 4124 te,
340 4053 412 4127 quod
426 4068 479 4107 non
488 4059 547 4106 erat
561 4050 589 4103 in
602 4056 647 4113 te;
659 4044 757 4100 mansit
770 4042 842 4115 apud
855 4057 909 4106 me,

120 4171 182 4214 eum
196 4154 281 4209 exiret
291 4149 327 4204 ad
338 4157 374 4203 te.
386 4145 461 4201 Sient
474 4155 539 4212 ergo
554 4139 666 4195 verbum
678 4151 766 4192 meum
778 4134 910 4207 prolatum

121 4259 164 4306 est
176 4244 266 4302 sensui
282 4252 345 4309 tuo,
361 4252 412 4295 nee
433 4234 545 4291 recessit
557 4247 574 4287 a
587 4230 670 4286 eorde
689 4243 750 4284 meo
765 4246 772 4282 r
787 4228 827 4283 sie
845 4226 911 4282 illud

120 4338 239 4397 Verbum
260 4333 391 4406 prolatura
402 4335 445 4385 est
465 4325 556 4382 sensui
576 4331 684 4390 nostro,
707 4335 760 4377 use
773 4320 913 4376 recensita

122 4432 202 4489 Patro
215 4440 276 4484 suo.
289 4423 405 4479 Verbum
423 4431 514 4475 meum
533 4422 593 4472 erut
604 4412 675 4484 apud
690 4426 743 4478 me,
757 4419 785 4467 et
804 4423 913 4480 proees-

120 4520 197 4579 sitiu
220 4529 314 4573 rocem
339 4509 478 4568 :Verbum
503 4505 627 4563 unierat
650 4501 721 4575 apud
734 4501 860 4568 Patrem,
884 4509 913 4556 et

121 4609 254 4686 processit
273 4607 301 4662 in
323 4617 443 4662 earnem.
463 4599 516 4657 Sed
539 4596 669 4668 numquid
682 4610 733 4666 epo
754 4608 863 4666 possam
885 4593 912 4650 id

122 4707 212 4764 lacere
225 4702 260 4759 de
281 4713 348 4754 vnce
359 4710 434 4762 mea,
459 4692 530 4764 ouon
545 4692 633 4763 potuit
645 4690 690 4745 illo
703 4689 738 4745 do
750 4703 832 4746 earne
845 4687 912 4743 sunl

121 4800 179 4870 Epo
199 4795 271 4852 enirn
293 4790 426 4848 rotantem
448 4801 540 4842 roeem
559 4798 645 4841 meam
667 4793 759 4840 tenere
777 4796 830 4839 non
850 4795 913 4853 pos·

122 4905 182 4947 sum
196 4906 204 4942 :
218 4887 264 4943 ille
282 4897 392 4939 earnem
411 4895 486 4935 stram
507 4892 559 4932 nou
582 4877 667 4932 solum
693 4876 794 4941 tenuit,
818 4884 848 4931 ut
865 4890 914 4929 na·

121 4989 258 5042 seeretur,
273 4976 390 5039 rirerat',
404 4980 510 5042 agerem
530 4967 669 5024 sedetiam
679 4977 809 5024 mortuam
829 4967 913 5022 susei-

123 5074 200 5138 turit,
213 5077 241 5126 et
253 5065 402 5124 cubiculum
415 5060 550 5133 quoddam
562 5060 589 5113 iu
598 5074 652 5130 quo
661 5060 792 5129 processit
804 5058 836 5113 ad
850 5073 912 5124 nos,

124 5164 158 5222 ad
181 5164 288 5221 Patrem
313 5153 547 5214 letavit.‘Vestem
572 5151 646 5207 dieas
659 5166 768 5207 caruem
792 5150 912 5217 Christi,

123 5249 276 5315 uehiculum
298 5250 388 5315 dieas,
402 5257 426 5304 et
448 5244 583 5317 quomodo
603 5246 672 5299 torte
695 5244 752 5318 ipse
764 5243 914 5314 sigiribeare

124 5384 287 5462 moenium,
298 5395 374 5446 nenne
384 5392 416 5455 ee
434 5377 551 5429 uoluntate
562 5374 651 5438 maria,
663 5388 738 5441 nemu
756 5389 789 5429 ea
799 5376 916 5432 rotrone

125 5449 386 5566 „i'f'rtsiellctlifmo
348 5446 499 5556 managu
509 5502 606 5565 optimu
613 5509 677 5551 uotae
687 5505 856 5553 aemonensis
864 5511 915 5563 tus,

124 5567 323 5625 transmarinos.
347 5570 416 5618 unser
427 5565 458 5617 ud
468 5566 593 5630 superiora
610 5565 694 5628 uerbo,
710 5566 916 5631 pauperculouua'·

127 5650 174 5688 m·
184 5660 192 5673 ⁶
495 5666 497 5670 ³

728 176 757 232 s.
777 170 959 232 aucusrm
977 172 1128 231 sermon

147 312 260 372 mam
279 310 312 368 r.
326 307 398 365 -ι,
411 300 600 361 taurinam
613 299 759 370 maman
768 277 907 350 aman:

960 292 1084 363 dignatus
1107 304 1166 364 est,
1178 294 1328 366 jumentum
1349 291 1435 368 ipsius
1447 295 1540 363 diem
1560 296 1633 367 quia:
1647 293 1675 353 lu
1690 292 1744 366 ipre

957 382 1080 453 iumento
1094 385 1191 442 levavit
1209 401 1272 443 enm
1292 387 1339 458 qni
1350 385 1463 444 lunata
1481 386 1632 443 latronibus
1646 387 1743 443 unua

958 485 1000 532 tus
1012 475 1088 548 (bue.
1099 493 1130 542 x,
1144 478 1192 549 bl)
1207 497 1214 534 ε
1231 487 1381 548 postremo,
1401 477 1473 550 quod
1487 478 1546 549 ipso
1563 479 1683 549 apertius
1702 478 1741 533 di·

958 568 1017 630 xit.
1032 569 1159 639 templum
1183 568 1362 642 dioesldoun.
1386 585 1424 635 ιι,
1444 569 1492 641 lb)
1516 585 1524 623 ε
1548 569 1602 626 boo
1619 568 1741 639 templum

954 657 1011 727 jam
1036 658 1111 714 norit
1133 668 1265 726 morunt,
1280 658 1315 716 ad
1338 659 1476 717 (luteram
1498 659 1587 715 Patris
1606 659 1684 717 tedet
1697 660 1740 716 :ir

957 749 1016 818 ipso
1036 750 1137 820 templo
1151 760 1280 807 rerrturus
1293 760 1336 809 est
1349 750 1471 821 iudicare
1483 751 1561 806 uiros
1572 757 1603 805 et
1616 758 1739 805 mortuos

957 838 1033 908 Quod
1051 853 1102 895 nos
1123 841 1226 896 monuit
1245 849 1395 912 praecepto,
1406 840 1601 896 demonstrarit
1614 840 1739 909 canutio·

956 934 1032 1000 Quod
1046 932 1163 989 ostendit
1185 933 1211 988 iu
1233 947 1314 989 earne
1327 947 1393 998 sua,
1412 931 1465 989 lroe
1488 946 1599 1002 sperare
1612 930 1695 989 debes
1715 932 1737 987 iu

956 1039 1039 1080 earrre
1051 1032 1108 1079 tua.
1123 1024 1187 1079 lloec
1205 1032 1247 1080 est
1259 1023 1342 1089 tides,
1358 1033 1419 1080 tens
1439 1022 1512 1094 quod
1530 1022 1650 1078 umdrarn
1663 1021 1737 1077 ride.

957 1114 1030 1184 Opus
1039 1122 1082 1170 est
1096 1122 1125 1169 ut
1137 1113 1164 1169 ln
1174 1127 1223 1179 eo,
1236 1113 1307 1185 quod
1321 1128 1375 1169 nou
1390 1112 1482 1180 rides,
1496 1111 1633 1170 eredendo
1644 1126 1737 1182 pernr-

958 1219 1037 1272 ness;
1051 1218 1086 1261 ue
1097 1218 1160 1261 euru
1175 1204 1290 1270 rideris,
1306 1204 1460 1261 erubescas.

1206 1333 1320 1392 sunno
1334 1334 1427 1392 cxx·
1442 1334 1499 1408 (a),

957 1448 997 1505 De
1007 1448 1101 1504 errem
1113 1448 1193 1504 uerbis
1207 1446 1334 1517 Joonnir,
1352 1448 1380 1506 lu
1396 1447 1529 1520 principio
1541 1456 1601 1504 erut
1612 1444 1734 1516 tuno,

1202 1553 1262 1609 etc„
1276 1557 1334 1613 cop.
1350 1542 1377 1609 l,
1400 1541 1438 1612 j.
1452 1540 1509 1597 1-5.

992 1697 1019 1752 t.
1044 1694 1152 1750 Verbum
1161 1694 1208 1750 Dei
1223 1693 1508 1765 incomprehensibilem
1523 1691 1665 1764 Eounpelio
1674 1706 1733 1746 reat·

957 1787 1048 1842 toturn.
1060 1786 1196 1855 Evangelii
1206 1784 1316 1841 loannis
1329 1783 1498 1855 principium,
1510 1781 1543 1837 ln
1557 1783 1683 1853 prindpio
1692 1788 1734 1836 ere

961 1877 1081 1932 Verbum.
1094 1876 1140 1932 Sic
1149 1876 1240 1947 coepit,
1255 1875 1305 1931 lroc
1316 1874 1392 1937 vidit,
1403 1881 1432 1930 et
1441 1871 1635 1931 transcendens
1643 1872 1734 1928 unirer·

958 1983 1015 2023 sam
1030 1975 1190 2030 ereaturam,
1204 1973 1320 2031 orontes,
1334 1978 1410 2028 aera,
1425 1963 1520 2028 eoelos,
1535 1961 1642 2029 sidera,
1654 1960 1732 2026 διιιι,

959 2058 1167 2122 [inminutiones.
1180 2056 1357 2126 Principatus,
1371 2056 1519 2111 potestates
1532 2096 1538 2118 ,
1551 2069 1648 2111 omnes
1659 2054 1733 2123 Ange

958 2150 1009 2217 los,
1021 2163 1114 2205 omnes
1124 2148 1314 2219 Arelrsnpelos,
1326 2145 1517 2202 transcendens
1526 2145 1627 2212 omnia,
1638 2145 1664 2200 in
1676 2142 1734 2213 prin

958 2242 1029 2312 cipio
1042 2240 1158 2296 Verbum
1172 2239 1249 2305 uidit,
1264 2247 1292 2293 et
1302 2237 1377 2294 bibit.
1388 2236 1475 2307 Super
1484 2250 1593 2291 omnem
1603 2242 1734 2292 oresmrn.
1774 2244 1776 2249 ·

958 2333 1034 2400 uidit,
1049 2333 1205 2404 depectere
1219 2330 1323 2386 bomini
1333 2328 1409 2385 bibit.
1421 2329 1482 2401 lpse
1494 2336 1538 2385 est
1549 2327 1623 2383 enirn
1636 2326 1736 2383 intonet

958 2425 1121 2496 evangelista
1133 2430 1257 2488 sanctus,
1276 2437 1355 2494 qoem
1368 2423 1503 2493 precipue
1516 2420 1645 2492 diligebat
1655 2418 1735 2486 letan

958 2518 1221 2586 itautsuperpeetus
1231 2509 1736 2584 ejus,reeunberer(tom.xrn,ts,2t).

958 2606 996 2663 lbi
1004 2615 1062 2661 erat
1070 2604 1122 2662 boe
1131 2603 1381 2671 secretum,urlnde
1389 2603 1535 2670 biberetur,
1542 2603 1615 2674 quod
1625 2601 1736 2658 inbrat-
1767 2626 1776 2679 '.·

958 2696 1029 2768 gello
1039 2704 1216 2753 ructuaretur.
1237 2693 1342 2751 Felices
1355 2694 1401 2765 qui
1415 2693 1527 2750 audiunt
1542 2702 1571 2750 et
1591 2693 1736 2763 intelligunt.
1771 2682 1776 2759 ἕ

959 2788 1103 2859 sequentis
1116 2786 1251 2844 felicitatis
1265 2794 1345 2852 sunt,
1357 2786 1403 2857 qul
1423 2794 1451 2842 et
1470 2785 1494 2841 si
1516 2799 1570 2841 nnn
1592 2785 1735 2855 iutell'uutt,
1772 2782 1776 2835 l

958 2879 1082 2937 eredunt.
1095 2878 1228 2947 erantum
1243 2888 1285 2935 est
1297 2878 1368 2934 etnim
1384 2877 1436 2934 boe
1448 2876 1539 2934 ridere
1554 2877 1604 2934 liei
1618 2875 1736 2943 Verbum,
1772 2918 1776 2927 .

959 2971 1019 3041 quis
1032 2969 1155 3026 bumunis
1166 2968 1281 3040 explicet
1291 2967 1399 3024 uerbis?
1767 2960 1776 3041 i

994 3058 1022 3114 2.
1040 3058 1151 3114 Verbum
1176 3057 1331 3131 Delabique
1355 3066 1444 3114 totum.
1471 3056 1571 3128 Eripite
1596 3055 1677 3114 eorda
1700 3069 1737 3112 rt·
1767 3046 1776 3073 ¹

959 3160 1026 3216 stra,
1039 3149 1135 3206 iratres
1145 3150 1197 3205 mei
1207 3165 1215 3215 ;
1226 3158 1353 3220 qualorum
1365 3148 1486 3218 potestis,
1497 3149 1594 3221 eripite
1606 3165 1614 3203 :
1624 3143 1738 3221 qutumtt

960 3242 1036 3299 robis
1048 3257 1098 3314 per
1112 3240 1327 3312 imaginationem
1340 3240 1483 3312 cujuslibet
1495 3241 1617 3312 corporis
1628 3253 1739 3298 noeurre·

961 3334 1007 3400 rit,
1023 3334 1149 3406 respuite.
1162 3334 1190 3390 Si
1202 3334 1349 3389 occurrerit
1361 3333 1408 3389 tibi
1419 3333 1534 3390 Verbum
1548 3334 1607 3402 liei,
1621 3330 1740 3406 quomodo

960 3424 1062 3496 cogitas
1085 3424 1170 3480 luoem
1195 3425 1259 3480 solis
1286 3424 1382 3496 liuius,
1410 3424 1606 3496 quantumlibet
1631 3424 1739 3498 modas,

961 3514 1154 3585 quantumlibet
1179 3513 1325 3580 extendas,
1349 3513 1436 3569 nullos
1460 3514 1518 3583 elus
1543 3514 1612 3572 lueis
1635 3514 1741 3571 bresit

961 3604 1122 3676 copientione
1145 3607 1309 3671 coristituns3
1337 3604 1369 3659 ad
1395 3604 1512 3660 Verbum
1538 3605 1586 3662 bei
1612 3605 1677 3662 nibil
1697 3613 1739 3661 est

961 3695 1096 3766 eridquid
1109 3695 1161 3751 tale
1171 3695 1270 3766 cogitat
1279 3695 1377 3763 anima,
1389 3697 1476 3750 minus
1485 3702 1527 3751 est
1539 3697 1741 3768 inpertemus

962 3791 989 3842 ln
1000 3794 1066 3842 toto.
1077 3785 1169 3856 Cingitu
1179 3783 1297 3840 Verbum
1309 3784 1405 3856 ubique
1421 3795 1515 3841 totum.
1531 3785 1672 3858 lintelligite
1682 3782 1742 3858 quod
1773 3780 1776 3849 ἰ

962 3877 1023 3933 diuo
1037 3894 1044 3931 :
1059 3885 1185 3948 quamam
1206 3890 1333 3947 possum,
1356 3886 1464 3932 coarcto
1483 3892 1527 3933 me
1548 3891 1599 3948 per
1620 3875 1742 3949 angustiat
1774 3886 1776 3895 ·

963 3981 1036 4022 meas
1050 3977 1158 4038 propter
1172 3980 1229 4021 uos.
1242 3964 1384 4038 intelligite
1396 3967 1466 4038 quod
1479 3967 1550 4023 dieo.
1562 3966 1636 4025 uoce
1647 3969 1689 4023 lnr
1700 3967 1742 4022 istu

963 4057 998 4114 de
1008 4056 1087 4120 colo,
1100 4070 1160 4127 quoe
1174 4055 1238 4110 solis
1249 4057 1357 4112 nornine
1368 4057 1523 4127 appellatur,
1540 4073 1602 4112 eum
1617 4070 1743 4129 prom

963 4150 1008 4216 rit,
1023 4149 1138 4203 illustrat
1150 4155 1245 4213 terras,
1256 4148 1372 4219 explicat
1385 4150 1466 4217 diem,
1482 4150 1544 4204 lucit
1557 4149 1669 4217 formas,
1680 4150 1744 4207 eolo·

964 4254 1060 4311 resque
1071 4239 1208 4295 discernit.
1225 4239 1347 4310 llopnum
1361 4241 1477 4306 bonrum,
1493 4254 1619 4311 magunum
1635 4242 1745 4298 onnon

963 4330 1121 4389 mortalibus
1136 4331 1181 4385 liei
1195 4330 1295 4386 donum
1312 4348 1319 4385 :
1339 4332 1509 4402 magnificent
1522 4347 1585 4390 earm
1599 4349 1682 4403 opera
1694 4348 1742 4390 sur.

963 4423 992 4480 Si
1011 4431 1066 4477 tam
1079 4420 1190 4492 pulelrer
1204 4432 1243 4477 est
1259 4422 1315 4487 sol;
1329 4421 1394 4478 solis
1408 4422 1508 4479 factore
1520 4424 1584 4493 qnid
1602 4422 1748 4496 puleluluti

964 4514 1000 4569 ut
1011 4521 1100 4568 tamen
1113 4512 1219 4576 ridete,
1237 4511 1334 4568 tratres
1350 4529 1357 4565 :
1372 4528 1434 4568 eece
1445 4512 1570 4569 diffundit
1588 4515 1680 4572 radios
1694 4526 1747 4571 sum

964 4621 1013 4677 per
1025 4605 1176 4660 nniversam
1192 4610 1308 4671 terram;
1328 4606 1443 4675 putentia
1462 4615 1595 4675 penetrat,
1608 4608 1700 4665 clausa
1710 4622 1747 4663 re·

965 4697 1062 4752 sistunt
1077 4711 1084 4748 ε
1101 4694 1188 4749 lucem
1201 4708 1278 4749 suam
1291 4695 1372 4749 mittit
1382 4697 1580 4766 pertonestras,
1595 4698 1751 4772 numquidtt

965 4803 1013 4859 per
1032 4785 1180 4859 parietem?
1201 4787 1289 4843 Verbo
1311 4787 1356 4843 [tei
1375 4797 1459 4843 totum
1472 4798 1562 4859 patet,
1577 4790 1697 4849 Verbum
1710 4788 1750 4849 liti

965 4880 1031 4936 ιιίΙιῑΙ
1044 4879 1119 4935 latet.
1135 4879 1229 4936 Videte
1241 4880 1321 4937 aliam
1334 4880 1521 4946 differentiam,
1536 4898 1616 4953 nrum
1632 4885 1710 4958 longe
1721 4882 1752 4939 sit

966 4987 981 5026 u
995 4973 1124 5028 creatore
1141 4981 1280 5037 creature,
1298 4973 1414 5029 maxime
1431 4976 1591 5044 corporalis.
1605 4978 1754 5048 Qnuudoiu

966 5065 1069 5120 oriente
1081 5073 1123 5120 est
1132 5066 1183 5132 sol,
1197 5065 1224 5120 in
1234 5065 1374 5120 occidente
1385 5079 1437 5121 nou
1449 5077 1499 5122 est.
1512 5067 1572 5124 Lux
1583 5070 1755 5141 quidemejus

968 5157 1001 5214 de
1016 5159 1061 5213 illo
1074 5157 1167 5230 grandi
1182 5157 1405 5230 corporesitum,
1423 5160 1555 5230 pertendit
1567 5178 1656 5234 usqne
1671 5166 1697 5220 in
1714 5178 1755 5221 se·

968 5249 1113 5313 sidentem
1127 5249 1174 5304 sed
1190 5250 1246 5320 ipso
1261 5250 1294 5305 ibi
1311 5266 1363 5305 non
1376 5259 1426 5306 est.
1440 5250 1552 5320 Quando
1566 5254 1694 5312 occidere
1705 5269 1757 5313 ers·

968 5341 1054 5411 perit,
1077 5349 1140 5397 tone
1158 5339 1194 5395 ibi
1213 5340 1275 5396 erit
1293 5339 1405 5407 Quando
1424 5343 1523 5409 oritur,
1537 5342 1565 5399 in
1579 5345 1687 5404 oriente
1698 5356 1758 5405 estc

969 5432 1076 5504 quaudo
1088 5431 1198 5499 oecidit,
1209 5431 1236 5486 in
1249 5432 1389 5489 occidente
1406 5440 1459 5488 est.
1475 5433 1526 5491 Per
1544 5435 1597 5492 ista
1615 5435 1674 5497 duo
1683 5452 1760 5514 optut

1003 5566 1013 5586 ·
1026 5566 1168 5638 recensitus
1178 5571 1217 5638 est
1228 5565 1258 5614 ad
1268 5565 1293 5614 d,
1306 5578 1327 5614 r.
1340 5573 1359 5617 t.
1371 5581 1396 5619 ι.
1408 5570 1463 5619 lor.

1003 5628 1039 5691 (u)
1054 5625 1121 5687 tiras,
1133 5629 1165 5678 de
1177 5629 1282 5678 rurensis
1292 5627 1332 5678 bl.
