3728 6276
191 255 259 315 tttl
775 245 804 306 8,
824 243 1007 304 lucustis!
1026 243 1177 302 suismet
1758 250 1822 307 ms
1855 238 1857 243 ’

191 374 355 442 letudineut,
369 386 449 443 quem
462 371 533 426 licus
545 367 676 442 pmmittit
690 380 737 437 per
746 364 922 436 Apostolum,
936 361 978 417 di·
1069 359 1184 418 CAPUT
1200 362 1266 419 llll.
1278 393 1314 405 -
1326 363 1353 420 8.
1367 364 1534 436 damnares
1544 364 1597 432 ui,
1610 365 1819 423 mima

190 480 274 524 oens:
293 482 304 519 ι
321 464 433 535 Oportet
456 459 629 531 corruptibile
652 459 704 513 hoc
727 457 839 512 induere
859 456 979 510 incorru-
1033 451 1158 511 lnnocens
1176 458 1242 527 qen.
1268 455 1325 514 flos
1346 459 1434 529 tuaque
1452 458 1515 515 vote
1536 458 1665 515 {numm
1685 457 1820 516 &minu

191 559 329 630 ptionem,
358 566 387 611 et
411 554 529 610 mortale
549 553 601 609 boc
615 551 726 606 induere
740 547 977 604 immortalitatem.
1032 554 1145 614 vestre,
1164 555 1293 617 quantum
1313 548 1395 604 breve
1414 557 1520 620 tempus
1535 549 1669 616 admitm,
1683 547 1748 621 (pald
1761 551 1819 608 nuli

187 649 266 708 'runc
279 649 424 705 lletsermo
439 646 611 716 quiscriptus
624 654 681 707 est,
697 644 827 712 absorpta
848 650 890 696 εει
906 651 980 694 murs
1031 635 1146 705 iaciant,
1160 640 1206 709 qui
1221 654 1251 696 se
1273 640 1346 711 ipsos
1357 651 1533 712 corrumpunt
1545 643 1710 709 vomente,
1735 644 1818 700 ebrie·

188 743 219 799 ln
232 742 380 797 victoriam.
396 739 446 796 Ubi
460 749 518 805 est,
532 753 621 800 mors,
636 735 771 791 contentio
786 732 850 788 rual
863 731 908 788 ubi
919 738 977 797 εει,
1032 737 1101 796 ιιιε,
1122 727 1313 797 iomicatione3
1330 740 1358 788 et
1369 733 1630 803 reprehendentibus
1642 735 1817 807 mundent,

189 847 280 898 mors,
295 830 474 886 seuleustuus
490 846 501 880 ι
518 827 541 898 (l
556 825 615 882 Cor.
630 841 674 891 xv,
688 821 806 896 55-55)1
818 823 892 878 Tunc
902 822 978 891 plena
1032 819 1254 877 desideratione
1268 838 1344 886 mea,
1365 824 1401 879 de
1420 826 1589 895 possessione
1605 840 1666 880 nm
1677 843 1686 880 :
1699 826 1743 881 cui
1760 826 1818 897 quid

189 924 290 981 sanitas
302 922 363 987 erit,
379 930 407 976 et
424 936 486 976 cum
507 919 615 989 Angelis
633 917 733 973 sanctis
755 915 903 986 equalitas.
925 913 978 971 Sed
1031 914 1125 984 rapuit
1137 915 1180 970 cui
1193 916 1254 986 quid
1264 916 1377 971 abstulit
1389 927 1481 973 contra
1493 933 1574 989 quem
1584 919 1658 974 leci?
1671 919 1745 975 llene
1757 918 1817 976 misl

188 1015 270 1072 modo
283 1022 424 1084 annonam
447 1010 510 1076 snt,
533 1008 630 1065 iratres
647 1008 717 1073 mei,
732 1022 794 1062 curn
817 1005 978 1077 ceperimus
1031 1008 1066 1060 slt
1077 1004 1150 1073 volo,
1161 1021 1195 1062 es
1207 1021 1240 1063 eo
1251 1007 1324 1078 quod
1338 1008 1408 1065 lieus
1422 1008 1487 1064 mibi
1499 1009 1583 1067 dedlt.
1599 1009 1711 1066 iidetm
1722 1011 1772 1066 iste
1781 1010 1817 1069 ἰ-

188 1105 332 1163 ο1εειιιιε
346 1111 496 1174 ριεεεειιιε,
510 1116 569 1172 quae
583 1099 703 1155 medicus
714 1098 850 1170 precipit,
870 1097 978 1168 quando
1031 1111 1141 1165 nocens,
1156 1097 1227 1169 quod
1236 1100 1311 1169 quasi
1322 1099 1387 1155 nulli
1402 1110 1505 1158 nocmt.
1518 1100 1572 1157 Sed
1582 1101 1817 1175 quomodoestiu·

186 1197 304 1270 patimur
325 1196 407 1253 etiam
421 1194 523 1266 aliquas
544 1192 705 1248 tentationes
728 1199 756 1248 ει
775 1190 976 1255 tribulationes,
1030 1202 1145 1256 ιιοεειιε,
1163 1190 1209 1260 qui
1226 1205 1280 1246 non
1292 1191 1380 1263 parcit
1394 1191 1467 1249 slbil
1480 1192 1527 1249 llle
1538 1192 1610 1250 euim
1623 1194 1755 1250 innocens
1767 1203 1816 1263 est,

186 1305 242 1347 non
262 1297 386 1361 putemus
400 1301 451 1343 nos
470 1286 529 1342 sine
549 1299 630 1341 causa
645 1283 804 1347 observare,
818 1283 879 1351 quia
892 1281 978 1353 major
1029 1280 1074 1349 oui
1090 1281 1154 1336 nulli
1176 1292 1255 1338 nocet
1270 1299 1277 1334 :
1293 1282 1356 1352 quia
1377 1282 1527 1340 dilectionis
1539 1283 1658 1355 proximi
1680 1285 1770 1356 regula
1788 1285 1817 1341 sb

187 1381 265 1440 dolor
274 1380 378 1436 ridetur
390 1378 464 1449 sequi
476 1384 610 1447 precepta
623 1376 668 1431 ills
679 1390 739 1446 qua
749 1374 885 1430 observas.
900 1372 977 1441 Quod
1029 1369 1088 1440 ipso
1100 1379 1152 1427 est.
1166 1371 1222 1428 lloc
1233 1373 1304 1428 enim
1314 1372 1382 1429 dixit
1392 1374 1475 1439 lleus,
1487 1373 1585 1449 bilipes
1597 1378 1746 1448 proximus
1755 1386 1816 1432 ιιειι

186 1473 260 1529 enim
275 1472 376 1543 pateris
398 1470 601 1534 tribulationes,
627 1482 722 1523 manus
736 1475 778 1523 est
788 1467 904 1522 temnus
917 1481 976 1523 me-
1029 1469 1149 1530 unpumn
1167 1471 1192 1518 ts
1212 1463 1305 1535 ipsun.
1318 1462 1458 1532 Quomodo
1472 1480 1537 1537 ergo
1551 1466 1578 1522 ln
1591 1474 1620 1523 te
1633 1467 1711 1522 salsa
1724 1476 1765 1523 est
1779 1467 1815 1524 di·

187 1565 251 1632 dici,
262 1579 315 1621 non
329 1564 460 1621 sententia
473 1562 571 1633 judicis
585 1559 727 1632 punientis.
742 1560 786 1615 Fit
799 1559 851 1615 luoc
873 1568 903 1614 ut
913 1575 976 1630 por·
1028 1550 1108 1606 Ιθθῑῖθ
1121 1552 1251 1620 liminii,
1274 1552 1381 1623 (illiniti
1398 1553 1507 1609 dllectlo
1523 1556 1561 1611 lui
1576 1571 1627 1626 ner
1640 1556 1815 1630 intemperan-

186 1655 257 1714 iecta
277 1656 312 1712 sit
326 1655 425 1711 sanim
439 1672 447 1708 :
463 1653 605 1725 patiamur,
629 1652 746 1708 remmus
759 1651 877 1708 dolores.
893 1651 976 1707 Dulce
1028 1643 1092 1697 tiam
1108 1644 1279 1700 111111οη111ιῖ
1300 1645 1404 1702 Deinde
1423 1645 1488 1701 dicit
1510 1647 1557 1702 tibi
1572 1647 1669 1703 ileos:
1688 1648 1757 1704 Cum
1775 1664 1816 1722 pu

186 1756 326 1819 peccatum
350 1753 392 1802 εει
406 1763 413 1799 :
429 1760 477 1815 per
497 1742 691 1799 amaritudines
713 1758 778 1814 ergo
798 1742 977 1798 tribulationis
1028 1733 1185 1790 obfirment
1201 1749 1374 1806 commitere
1386 1744 1412 1791 le
1425 1737 1477 1801 lit.
1491 1751 1547 1793 11011
1556 1737 1706 1808 1111111101
1714 1739 1813 1796 donau

186 1837 336 1909 perniciosa
355 1835 469 1892 dulcedo
482 1834 627 1907 digeratur.
643 1834 796 1890 Delectabat
809 1842 853 1899 te,
869 1832 976 1902 quando
1028 1828 1141 1892 evertis,
1165 1827 1213 1882 Sed
1235 1828 1343 1883 domum
1364 1843 1462 1885 11161111·
1485 1829 1535 1886 Ubi
1555 1831 1707 1887 habitabo?
1720 1832 1748 1888 ln
1767 1833 1813 1888 istis

187 1931 273 1986 iecisti
285 1930 384 1985 malum
400 1928 466 1983 :sed
480 1926 596 1982 incidisti
610 1926 637 1981 in
648 1925 829 1980 inllrmitatem
843 1924 974 1980 iaciendo.
1028 1918 1129 1972 ruinis?
1142 1919 1169 1972 in
1184 1920 1243 1975 istis
1262 1919 1405 1976 sordibus?
1424 1920 1453 1977 st
1470 1921 1604 1992 hospitem
1623 1925 1762 1996 renim
1772 1925 1812 1980 ιιι.

186 2024 209 2077 Δ
223 2019 358 2076 contrario
369 2018 500 2074 medIcina
508 2024 565 2081 est,
581 2016 641 2071 lacit
656 2015 703 2071 tibi
724 2013 758 2071 ad
776 2023 882 2085 tempus
901 2013 977 2069 dolo-
1027 2023 1107 2080 quem
1119 2024 1226 2066 serrum
1238 2027 1344 2079 meum,
1357 2012 1485 2069 reficeres
1497 2023 1526 2069 et
1538 2015 1687 2072 mundares
1699 2017 1812 2085 ᾶοιιιιιι,

185 2126 262 2178 rem,
279 2120 309 2165 ut
319 2109 433 2180 recipias
443 2116 597 2179 perpetuam
610 2107 761 2162 sanitatem.
776 2104 857 2161 Utere
872 2105 933 2172 illa,
947 2111 976 2160 ει
1027 2117 1081 2172 quo
1101 2103 1213 2160 intraret
1227 2118 1322 2161 servus
1335 2121 1410 2162 meus
1423 2123 1431 2162 :
1444 2122 1497 2162 non
1514 2109 1630 2165 mundas
1643 2125 1705 2178 cor,
1717 2111 1761 2166 ubi
1772 2111 1812 2166 lu-

185 2204 241 2258 noli
255 2201 397 2272 repellere.

220 2290 334 2349 CAPUT
353 2290 399 2346 vl.
413 2289 486 2345 -6.
502 2289 650 2344 Antidotum
662 2297 749 2342 contro
766 2288 851 2342 omniu
861 2297 973 2358 pmcutu.

186 2382 292 2439 bustu
314 2390 474 2453 peccalorum
492 2379 623 2451 peceribus
645 2379 696 2433 duo
725 2389 887 2448 opponuntur
909 2393 975 2448 proe·

185 2485 269 2546 cepto.
283 2473 355 2530 Sane
365 2480 427 2527 ante
436 2472 527 2528 omnia
540 2470 605 2526 illud
614 2469 762 2524 antidotum
774 2484 827 2523 non
851 2468 974 2534 recedat,

186 2565 258 2636 quod
271 2573 364 2620 contra
375 2578 470 2619 omnes
483 2561 651 2633 putredines,
664 2571 756 2616 contra
775 2561 894 2615 omnium
908 2574 974 2628 pee-

186 2665 306 2711 catorum
320 2668 421 2709 uenena
435 2653 575 2722 plurimum
591 2650 679 2717 valet,
694 2661 722 2705 ut
735 2652 825 2715 dicas,
837 2661 865 2706 et
879 2665 974 2706 rerum

186 2745 381 2802 dicatliomino
402 2744 458 2799 ileo
478 2753 542 2798 tuo:
555 2743 661 2799 Dimitte
674 2743 746 2798 nobis
765 2743 849 2797 debito
868 2752 973 2812 nostro,

185 2838 250 2893 rieul
261 2843 285 2892 el
306 2851 352 2892 rtet
369 2834 519 2889 dimittimus
532 2833 685 2889 debitoribus
699 2835 791 2888 uostrb
810 2831 914 2904 (naum
936 2849 974 2901 vl,

187 2929 243 2999 lt).
259 2929 317 2986 lloc
329 2928 401 2984 enirn
416 2936 520 2997 pactum
530 2942 591 2981 cum
606 2926 713 2996 aprelis
724 2925 845 2981 medicus
858 2927 976 2981 consori-

186 3021 242 3093 psit
253 3029 334 3092 atque
350 3020 473 3075 firmarit.
487 3017 617 3085 Quoniam
631 3017 685 3072 duo
697 3027 760 3073 sunt
770 3033 867 3088 genera
883 3032 975 3088 pecca·

187 3123 274 3171 torum
286 3128 294 3180 ;
307 3128 451 3182 unumque
463 3112 490 3166 in
504 3112 597 3176 ileum,
610 3111 786 3180 alterumque
800 3110 974 3165 inhominem

185 3213 321 3276 peccetur.
334 3205 411 3262 Unde
423 3204 503 3260 etiam
516 3203 570 3260 duo
580 3211 642 3257 sunt
655 3211 787 3271 precepta
800 3202 857 3267 illa,
872 3203 900 3257 in
913 3204 975 3273 qui·

185 3296 236 3356 bus
249 3304 304 3352 tnta
317 3295 373 3352 Les
386 3295 486 3367 pendet
508 3304 535 3349 et
548 3295 689 3363 Propluetm
706 3311 713 3346 ε
727 3291 825 3364 Dilipes
836 3291 976 3348 Dominum

185 3388 272 3446 Deum
284 3397 391 3443 mamea
402 3397 453 3442 tota
464 3387 601 3451 cordetuo,
615 3395 638 3439 et
650 3402 681 3439 ex
691 3395 744 3439 tota
753 3386 839 3439 ammo
847 3393 902 3452 tua,
911 3395 934 3439 et
944 3401 976 3440 es

186 3492 239 3538 totu
251 3491 334 3536 mente
347 3489 389 3534 tua
396 3495 406 3545 ,·
429 3490 452 3534 el
465 3481 553 3549 dilipes
564 3478 707 3548 prosiruunt
728 3487 800 3532 tuum
821 3485 940 3548 tunquam
952 3486 977 3532 te

185 3568 337 3646 ipram(ld.
349 3586 416 3637 xxu,
436 3568 540 3639 al-tll).
563 3569 596 3624 m
617 3569 643 3623 in
665 3567 707 3624 bis
724 3568 875 3625 continetur
895 3568 976 3623 etiam

185 3663 330 3734 decalogus
342 3670 534 3733 preceptorum
548 3659 636 3731 Legis,
648 3659 693 3716 ubi
708 3659 757 3714 tria
770 3667 902 3729 precepta
914 3673 977 3728 per·

187 3755 273 3811 tinent
293 3752 330 3809 ad
348 3751 519 3810 dilectionem
542 3752 604 3816 bel,
619 3760 721 3821 septem
740 3749 775 3806 ad
795 3749 927 3820 proximi:
942 3747 977 3805 de

141 3891 143 3898 .
186 3845 285 3918 quibus
298 3844 363 3901 satis
372 3842 515 3914 aliquando
528 3842 710 3897 tractavimus.

222 3934 336 3993 CAPUT
345 3933 467 3990 vlt-l.
478 3932 570 3988 Pectat
579 3934 606 3986 in
615 3932 705 3998 Drum,
714 3933 757 4003 pur·
765 3933 791 3986 in
804 3947 831 3986 se
839 3932 978 4003 corrumpit

189 4028 310 4095 templum
323 4028 388 4096 ejas
403 4023 543 4092 Quomodo
555 4037 620 4093 ergo
633 4022 688 4078 duo
697 4032 760 4078 suut
771 4030 925 4094 praecepta,
938 4023 978 4079 sic

188 4125 217 4172 et
229 4115 283 4172 duo
294 4130 391 4186 genera
401 4113 645 4186 peccatorumdut
656 4114 728 4169 enim
743 4115 769 4167 in
784 4114 868 4169 beum
883 4129 979 4185 pecca·

189 4217 244 4274 tur,
259 4207 342 4261 autin
353 4204 499 4260 bominem.
515 4205 743 4260 Peccaturuutem
753 4205 780 4259 in
790 4205 884 4267 lienum
897 4206 978 4261 etiam

189 4295 385 4367 corrumpendo
399 4294 526 4365 templum
546 4294 604 4365 eius
627 4297 654 4349 ln
674 4304 721 4351 te:
737 4295 836 4350 etenim
853 4296 921 4351 Delus
933 4310 978 4351 re-

189 4389 310 4446 demilte
323 4388 451 4459 sanguiue
467 4386 526 4443 lilii
542 4385 595 4443 sui.
610 4387 766 4458 Quanquam
787 4397 815 4443 et
836 4398 978 4459 antequam

189 4480 376 4547 redimereris,
399 4480 476 4548 cuius
488 4493 581 4535 seruus
594 4493 670 4546 eras,
687 4479 737 4533 nisi
751 4479 811 4548 ejus
825 4480 871 4550 qui
885 4479 979 4535 condi-

191 4573 232 4628 dit
243 4570 353 4628 omnint
366 4571 537 4626 Peculiariter
549 4570 664 4641 quodam
680 4568 760 4625 modo
778 4579 805 4624 te
819 4571 918 4626 babere
932 4585 980 4626 uo·

192 4667 243 4723 luit
255 4665 421 4737 redemptum
434 4664 564 4735 sanguiue
584 4662 643 4719 Filii
661 4665 712 4720 sui.
734 4663 768 4718 iil
781 4681 832 4718 nor
844 4665 902 4719 estis
923 4679 979 4719 res·

191 4760 235 4825 tri,
248 4757 333 4828 inquil
344 4757 504 4829 Apostolum
518 4756 595 4825 empti
609 4756 676 4809 euim
690 4756 749 4811 estis
763 4757 843 4826 pretio
866 4772 979 4827 mono:

191 4851 332 4921 plurificote
343 4858 366 4902 et
377 4858 475 4917 portote
485 4847 566 4902 Deum
576 4847 604 4900 in
622 4863 729 4918 corpore
739 4858 819 4902 restro
834 4847 854 4918 ll
865 4844 925 4903 Cor.
940 4863 979 4913 tr,

192 4938 322 5009 lauto).
334 4939 405 5010 Ergo
414 4939 459 4994 illc
469 4937 705 5010 aquoredemptus
711 4952 751 5004 es,
761 4938 822 4994 iecit
833 4947 859 4994 te
871 4938 980 4993 domum

192 5050 277 5091 suam
291 5033 423 5106 Nuruquid
439 5044 466 5088 tu
479 5033 519 5088 ris
540 5033 625 5088 everti
638 5032 747 5087 domum
767 5033 859 5088 tuam?
871 5033 916 5089 Sic
930 5048 981 5088 uec

192 5127 264 5184 Deus
277 5140 362 5188 suani,
378 5125 429 5180 boc
438 5132 489 5191 est,
504 5124 637 5193 teipsum.
648 5122 676 5178 Si
689 5123 735 5180 tibi
746 5139 797 5179 non
814 5123 901 5195 parcis
914 5139 980 5194 pro·

192 5229 252 5290 pter
265 5218 403 5288 teipsum,
415 5231 495 5287 parce
507 5215 554 5271 tibi
567 5224 676 5286 propter
697 5217 794 5281 bcum,
815 5218 859 5286 qui
880 5227 907 5272 te
919 5216 982 5273 iecit

193 5310 319 5380 templum
340 5324 426 5364 suum.
451 5306 585 5380 Templum
603 5308 669 5360 enim
683 5306 730 5360 liei
749 5318 864 5361 mrtem
877 5318 923 5377 est,
938 5309 981 5364 in·

193 5403 260 5472 quit,
272 5401 341 5474 puod
354 5401 412 5456 estis
430 5417 489 5467 uos;
511 5408 548 5465 et,
566 5399 616 5466 Qui
630 5399 750 5468 ternplum
763 5398 810 5454 Dei
824 5401 980 5472 corruperis,

193 5502 336 5563 emantpet
355 5492 428 5547 illum
448 5491 516 5545 lietu
538 5490 592 5559 (ld.
607 5505 646 5556 ιιι,
663 5489 718 5561 17).
730 5489 795 5559 Quae
809 5502 917 5561 peccata
932 5492 982 5547 hu·

194 5585 281 5644 mines
292 5585 397 5655 quarido
412 5584 528 5651 iaciunt,
540 5591 636 5655 putant
656 5598 686 5639 se
703 5599 756 5640 non
769 5597 897 5654 peccare,
919 5585 981 5657 quia

195 5677 262 5736 nulli
275 5677 376 5732 bomini
387 5685 492 5732 nocent.

1027 2193 1113 2250 bitare
1127 2208 1177 2266 epo
1189 2196 1270 2252 volni

1062 2285 1175 2344 CAPUT
1193 2287 1240 2344 lX.
1251 2289 1323 2345 -9,
1340 2288 1434 2347 Modus
1444 2293 1472 2346 in
1483 2307 1568 2346 rerum
1582 2308 1764 2349 censurarum
1774 2310 1813 2350 ιιι

1028 2375 1129 2447 difficile
1143 2387 1249 2434 tenetm.
1267 2378 1335 2435 Usus
1352 2382 1441 2437 noris
1453 2382 1653 2450 inmoderatae,
1669 2386 1721 2441 nisi
1734 2387 1813 2442 libert·

1027 2485 1085 2522 rum
1098 2469 1311 2540 promeandoruns
1322 2489 1400 2527 sumu
1419 2474 1476 2541 fiat.
1491 2473 1578 2530 Unam
1593 2490 1661 2548 erpo
1676 2493 1735 2533 rem
1749 2495 1814 2535 cour·

1027 2563 1184 2630 memorari,
1199 2563 1305 2631 iratres,
1323 2574 1352 2621 ut
1362 2566 1476 2622 videatis
1489 2567 1626 2636 utromodo
1637 2580 1764 2642 peccent,
1776 2571 1814 2643 qui
1858 2582 1860 2587 ·

1027 2669 1057 2710 se
1074 2654 1147 2727 ipsos
1159 2664 1347 2729 corrumpunt,
1360 2672 1423 2714 cum
1443 2659 1494 2715 sibi
1513 2660 1675 2719 innocentes
1689 2663 1815 2721 ridentur.

1027 2743 1081 2801 Sed
1095 2747 1220 2816 quoniam
1242 2747 1269 2802 in
1289 2748 1347 2819 ipsa
1366 2749 1507 2821 implicate
1525 2759 1555 2807 et
1576 2754 1745 2811 mortalitate
1761 2755 1816 2811 rite

1028 2833 1106 2904 buius
1116 2835 1224 2892 dillicile
1241 2847 1283 2893 est
1295 2846 1325 2893 nt
1342 2838 1423 2895 bomo
1441 2853 1494 2896 nou
1513 2842 1628 2897 exoedat
1647 2844 1760 2901 modum
1772 2846 1817 2901 ali-

1027 2936 1154 2996 quantum
1167 2927 1195 2982 in
1207 2927 1249 2983 liis
1260 2929 1352 2992 rebus,
1365 2930 1461 2999 ouibus
1471 2931 1506 2987 ad
1520 2934 1713 2992 necessitatem
1727 2939 1816 3004 utitur;

1027 3017 1207 3074 adhibendum
1221 3029 1263 3076 est
1276 3021 1340 3076 illud
1354 3022 1519 3088 remedium,
1535 3021 1644 3079 Dindrte
1655 3026 1730 3083 nobis
1742 3028 1819 3082 debite

1027 3119 1129 3172 nosne,
1148 3111 1212 3164 sicul
1234 3121 1258 3166 et
1271 3128 1317 3166 nos
1336 3112 1485 3168 dimittimus
1496 3113 1653 3171 debitoribus
1673 3116 1817 3173 mummi

1027 3202 1141 3269 dicetur,
1155 3212 1182 3259 et
1195 3219 1257 3260 rere
1278 3205 1393 3260 dicatur.
1410 3207 1577 3263 Adulterium
1591 3208 1686 3267 iacere
1700 3210 1818 3281 probibe-

1027 3293 1079 3358 ris,
1096 3309 1130 3348 ne
1142 3309 1241 3350 noceas
1257 3298 1389 3364 proximo.
1413 3297 1553 3367 Quomodo
1566 3301 1640 3357 enim
1656 3317 1713 3359 non
1725 3305 1765 3359 ris
1776 3318 1817 3359 sc·

1028 3383 1086 3439 cedi
1105 3383 1138 3439 ad
1157 3392 1247 3453 tuam,
1270 3387 1309 3443 sic
1335 3404 1388 3444 non
1406 3389 1489 3446 debes
1509 3391 1640 3450 accedere
1661 3394 1697 3450 ad
1710 3394 1815 3452 alienam

1028 3489 1149 3530 uxerem.
1173 3475 1201 3531 Si
1221 3487 1309 3533 autem
1331 3487 1374 3533 tua
1398 3481 1621 3551 intemperantius
1635 3499 1703 3540 usus
1726 3486 1815 3553 lucris,

1028 3568 1157 3639 numquid
1169 3569 1268 3625 rideris
1278 3587 1375 3627 nocere
1384 3573 1472 3637 alicui,
1483 3575 1545 3645 quia
1556 3576 1642 3632 uteris
1652 3578 1715 3633 tua!
1728 3578 1778 3634 Sed
1788 3593 1816 3634 eu

1028 3658 1087 3730 ipso
1105 3673 1235 3715 concesso
1249 3660 1449 3720 immoderatius
1468 3664 1578 3734 mendo,
1591 3671 1746 3740 corrumpis
1757 3670 1815 3724 inte

1028 3750 1158 3819 templum
1172 3750 1230 3805 liei.
1249 3750 1332 3807 Nemo
1346 3762 1373 3808 te
1389 3763 1496 3810 accusat
1508 3764 1676 3814 extranens:
1692 3761 1741 3816 sed
1753 3759 1815 3831 quod

1028 3856 1187 3912 responsum
1199 3841 1273 3897 dabit
1283 3844 1444 3899 conscientia
1456 3853 1500 3900 tua
1511 3847 1567 3901 lleo
1579 3847 1680 3904 dicenti
1695 3865 1743 3921 per
1753 3853 1815 3921 lipo-

1029 3933 1144 4000 stolum,
1163 3933 1198 3989 tls
1217 3934 1280 3988 seint
1293 3936 1463 4006 unmpuisque
1473 3945 1582 3992 umbram
1594 3955 1671 3994 marm
1683 3956 1728 3995 rus
1742 3940 1814 4010 possi·

1030 4024 1089 4078 dere
1101 4025 1128 4078 in
1143 4026 1339 4095 sanctificatione
1354 4037 1378 4081 et
1392 4028 1486 4082 bonore
1494 4044 1504 4092 ,·
1518 4045 1569 4083 non
1585 4030 1614 4084 in
1628 4032 1717 4087 nsorbo
1728 4032 1815 4087 deside

1029 4117 1141 4183 riorum,
1160 4120 1234 4174 sicuti
1248 4118 1339 4174 Gentes
1354 4135 1411 4188 pue
1422 4120 1540 4192 ipsiorum
1554 4119 1639 4178 Deum
1654 4124 1772 4198 (libers.
1783 4141 1814 4192 ιι,

1030 4212 1058 4278 b,
1073 4210 1117 4283 iil?
1132 4211 1197 4279 Quis
1209 4219 1251 4266 est
1269 4220 1358 4266 autem
1377 4210 1480 4267 habens
1493 4227 1622 4279 uxorem,
1637 4217 1683 4287 qui
1700 4230 1734 4273 eo
1746 4216 1814 4271 modo

1030 4310 1122 4358 ututur
1141 4316 1241 4368 usone,
1266 4311 1369 4357 utnon
1392 4303 1505 4358 excedat
1528 4304 1614 4375 legem
1638 4305 1740 4363 liberos
1761 4321 1815 4377 pra

1031 4390 1159 4449 meandi?
1171 4391 1211 4447 sd
1224 4391 1275 4446 hoc
1285 4392 1356 4447 enim
1366 4392 1425 4447 data
1436 4400 1478 4449 est
1490 4412 1497 4448 z
1514 4396 1686 4453 convincunt
1695 4408 1721 4454 te
1731 4397 1815 4453 abab

1032 4498 1092 4555 quae
1106 4483 1257 4538 scribuntur
1270 4483 1297 4537 in
1311 4485 1490 4541 matrimonio.
1502 4485 1599 4543 Pactus
1610 4503 1643 4544 es
1654 4492 1817 4561 qnemadne

1032 4574 1094 4629 dum
1108 4572 1240 4628 duceres:
1255 4581 1332 4627 sonat
1344 4573 1390 4628 tibi
1409 4575 1538 4643 scriptura
1552 4577 1704 4646 pactionis,
1724 4579 1816 4635 treno-

1032 4681 1089 4720 rum
1105 4664 1318 4736 procreandorum
1329 4681 1415 4720 cuum.
1435 4665 1492 4722 Non
1506 4681 1570 4738 ergo
1584 4670 1720 4738 accedas,
1739 4671 1813 4743 alpe

1033 4767 1088 4823 tes,
1104 4757 1154 4811 nisi
1170 4756 1313 4811 liberorum
1329 4757 1551 4826 procreandorum
1565 4774 1660 4816 causa.
1675 4761 1705 4820 Si
1719 4762 1813 4819 modun

1032 4848 1198 4914 excesseris,
1222 4855 1314 4902 contra
1333 4848 1392 4903 illas
1407 4848 1508 4904 tabulas
1532 4848 1615 4906 iacies
1631 4861 1662 4909 et
1675 4865 1764 4912 contra
1777 4866 1815 4925 pa·

1033 4947 1116 4996 ctum.
1129 4937 1224 4993 Nonne
1240 4937 1408 4993 maniiestum
1422 4941 1479 4997 esti
1493 4940 1552 4995 Eris
1566 4943 1704 5012 mendax,
1719 4956 1746 5002 et
1756 4941 1814 5016 pred

1033 5032 1164 5086 violator:
1180 5040 1207 5085 et
1216 5031 1311 5101 querit
1320 5030 1346 5084 in
1358 5039 1384 5084 te
1396 5031 1465 5086 licus
1476 5031 1657 5101 integritatem
1671 5037 1760 5106 templi
1771 5035 1813 5103 sti,

1032 5133 1060 5182 ει
1077 5137 1129 5177 non
1150 5122 1266 5186 invenit3
1283 5136 1337 5175 non
1350 5122 1411 5193 quia
1427 5133 1469 5176 tua
1488 5137 1552 5178 usus
1567 5139 1614 5191 es,
1638 5127 1689 5183 sed
1703 5128 1761 5198 quis
1772 5128 1812 5182 iu·

1033 5216 1170 5272 moderate
1181 5229 1245 5270 usus
1259 5229 1298 5268 es.
1313 5212 1380 5268 Nasu
1392 5226 1419 5269 et
1431 5216 1521 5269 risuum
1536 5213 1571 5270 de
1583 5217 1719 5286 apotheca
1732 5229 1772 5274 tus
1782 5215 1812 5269 ll·

1033 5309 1085 5376 bis,
1099 5318 1126 5364 et
1140 5317 1228 5363 tamen
1241 5307 1264 5362 si
1279 5307 1317 5362 sic
1329 5305 1414 5373 bibis,
1431 5316 1461 5362 ut
1481 5307 1640 5377 inebrieris,
1657 5327 1713 5368 non
1725 5310 1779 5383 quia
1790 5321 1813 5363 ιι

1034 5411 1078 5456 tua
1092 5415 1156 5456 usus
1165 5415 1206 5465 es,
1219 5398 1279 5453 ideo
1291 5413 1342 5453 uon
1356 5398 1489 5468 peccasti:
1504 5397 1604 5454 donuni
1618 5402 1692 5457 enim
1706 5403 1751 5458 llel
1761 5410 1811 5455 ctu·

1034 5493 1138 5549 vertisti
1152 5491 1184 5547 ad
1197 5490 1395 5560 corruptionem
1411 5498 1492 5544 tuam.

1069 5582 1182 5639 corut
1200 5579 1233 5636 x.
1249 5611 1284 5622 -
1298 5579 1342 5635 ll).
1362 5579 1430 5633 Deus
1448 5579 1503 5648 ipse
1523 5579 1667 5648 offenditur
1680 5601 1729 5641 usu
1745 5594 1808 5639 rm

1013 5690 1208 5740 ,caucasorum
1236 5671 1410 5727 inmoderato.
1437 5669 1589 5729 ilentedium
1615 5689 1706 5733 contre
1727 5686 1807 5736 rurus
