3728 6276
725 276 838 335 seruo
856 274 944 333 xevl.
1589 278 1641 335 288
1726 284 1736 299 ”

142 395 222 453 trau
242 404 324 466 atque
337 394 455 451 ieeunda.
471 391 505 446 in
525 407 617 461 pasena
632 391 696 446 bono
708 407 810 464 marom
863 409 945 463 quare
955 394 990 450 de
1003 393 1056 451 iliis
1071 396 1189 452 tacetur?
1202 396 1296 452 Perdix
1316 395 1421 468 quidem
1440 396 1511 454 idea
1531 398 1641 467 quibus·

142 484 306 541 inmanibus
327 485 385 539 uitis
402 481 493 540 isroci.
508 479 701 536 Eruntstcbuio
722 497 807 536 eurum
862 483 922 537 darn
936 483 1080 553 majoribus
1093 495 1120 543 ει
1130 494 1189 540 aute
1198 501 1245 541 nes
1255 486 1448 555 scripturarum
1458 489 1641 544 tractatoribus

142 589 164 630 r.
175 582 229 640 εει,
243 573 292 630 ubi
305 574 486 645 requiescant,
500 573 546 626 ubi
557 571 657 638 dicant,
668 571 740 626 Bene
751 581 808 637 est;
862 573 984 629 diabolus
994 573 1143 631 intellectus
1157 586 1206 641 est,
1221 591 1381 648 congregans
1391 593 1450 647 quaa
1462 592 1514 633 nen
1527 580 1640 649 peperit.

142 671 182 731 nt,
198 662 297 719 Verum
312 670 362 726 est,
376 660 541 716 manifestum
553 668 603 727 est,
618 676 671 715 noo
683 659 808 715 taliinrur.
830 700 834 709 .
861 663 919 718 Nou
930 665 1001 720 enim
1018 664 1062 720 ille
1071 675 1183 732 creator,
1199 667 1246 721 sed
1260 667 1386 738 deceptor
1399 677 1450 735 est,
1463 668 1561 724 iaciens
1574 668 1640 724 diri·

142 768 160 809 a
177 752 225 808 bei
238 751 414 822 requiescent,
430 761 551 820 tanquam
576 750 603 805 in
627 749 737 805 subulis
749 749 809 804 dtis.
861 757 911 812 tias
920 771 982 812 sous
992 771 1045 811 nen
1054 772 1114 814 eom
1126 757 1237 828 jndicio.
1249 758 1306 813 Non
1319 762 1387 814 enirn
1398 760 1430 814 ad
1443 775 1503 816 eram
1515 761 1639 831 pertinet,

142 843 221 910 nient,
244 841 296 898 boe
315 851 366 908 est,
380 841 564 912 requiescent;
579 848 603 895 et
615 839 762 912 requiescent
784 838 810 893 in
860 844 919 915 quis
932 845 993 909 iste,
1007 845 1067 916 quis
1084 846 1130 901 ille
1142 846 1220 902 modo
1232 856 1303 903 erret
1317 867 1325 904 ι
1338 864 1430 904 omues
1441 858 1559 906 errantes
1571 850 1638 918 nuit,

142 931 223 987 ienis.
860 935 1022 1007 quibuslibet
1038 937 1181 994 erroribus.
1199 937 1283 1005 Quam
1304 939 1414 996 diversa
1426 950 1487 996 sunt
1511 939 1638 1005 haereses,

142 1038 189 1093 pes
208 1019 465 1076 meminerva.
478 1018 557 1073 -Ει
570 1020 702 1090 inpetere
723 1017 810 1090 001910
860 1042 938 1098 quam
948 1027 1044 1084 diversi
1058 1044 1171 1095 errores,
1189 1029 1233 1085 iile
1247 1030 1274 1084 io
1289 1031 1410 1086 omnibus
1420 1032 1475 1086 ruit
1486 1047 1575 1088 errare
1588 1031 1637 1087 ho·
1740 1013 1744 1022 ⁵

142 1120 350 1184 mmmm
361 1110 453 1166 strati·
467 1110 588 1166 liminii
602 1110 808 1178 ⁰¹0¹¹i⁶⁸l⁵melt
860 1119 954 1175 mines.
975 1118 1033 1174 Non
1054 1119 1118 1175 dicit
1130 1119 1260 1185 diabolus,
1277 1121 1417 1176 Donatistae
1434 1122 1497 1187 sint,
1519 1137 1572 1177 non
1586 1122 1638 1177 siut

142 1204 238 1270 boum,
250 1219 302 1275 quo
312 1205 429 1258 levamus
441 1203 541 1268 oeulos,
555 1214 584 1259 ut
596 1203 672 1258 nobis
691 1202 750 1258 inde
763 1218 810 1258 au·
860 1208 951 1263 Ariani
966 1209 1041 1265 :sire
1063 1208 1106 1264 bie
1118 1208 1186 1275 sint,
1209 1210 1265 1264 sive
1285 1210 1349 1272 iilic,
1371 1210 1404 1264 ad
1428 1227 1488 1266 eum
1507 1211 1638 1281 pertinent

142 1295 233 1350 teniat·
255 1293 307 1349 Sed
326 1292 809 1363 0111111001001011111000101000οἱ
860 1307 1062 1370 congregantem
1087 1299 1145 1355 sine
1163 1299 1272 1368 judicio.
1301 1300 1385 1366 idola,
1412 1301 1511 1372 inquit,
1535 1302 1636 1367 adoret,

142 1387 201 1442 dum
223 1394 251 1442 er
268 1394 365 1440 terram
379 1383 464 1454 (Psoi.
479 1400 541 1449 cu,
553 1385 579 1451 ι,
592 1384 632 1455 2).
645 1382 706 1439 ideo
720 1400 754 1440 oe
767 1384 808 1440 rel
859 1404 934 1445 meos
943 1397 985 1445 εει
998 1408 1005 1445 :
1018 1389 1045 1444 in
1055 1389 1204 1445 iudaeorum
1214 1391 1399 1460 superstitione
1409 1400 1552 1458 remaneat,
1563 1407 1639 1448 meus

142 1476 213 1534 abus
238 1475 315 1531 bonis
328 1481 400 1529 esset
418 1488 479 1543 spes
497 1483 596 1540 nostra,
615 1488 675 1529 eum
689 1473 807 1540 dixisset,
859 1488 900 1534 est
915 1456 1041 1535 :deserta
1065 1479 1164 1535 unitate
1188 1481 1214 1534 in
1230 1480 1301 1535 iiiam
1322 1481 1364 1535 vei
1382 1481 1409 1535 in
1430 1481 1500 1535 illam
1515 1480 1637 1537 baeresim

158 1582 217 1622 oser
234 1581 302 1620 naeus
317 1580 392 1636 seper
403 1573 497 1618 menter
509 1561 591 1618 Isroet
601 1582 610 1628 ,·
623 1579 714 1619 rursus
734 1580 767 1620 ne
781 1571 810 1619 tu
859 1576 962 1639 pergat,
970 1584 1046 1625 meus
1059 1578 1109 1625 est.
1124 1568 1270 1641 Congregat
1283 1585 1345 1641 ergo
1359 1571 1416 1626 siue
1428 1570 1527 1641 judicio
1537 1569 1638 1627 iaciens

142 1673 237 1715 oneres
257 1659 284 1713 in
306 1656 439 1712 montibus
451 1656 471 1722 ¹,
497 1653 610 1724 subjecit
633 1655 731 1721 statim,
753 1652 809 1725 iiqc
859 1657 962 1714 divitias
985 1673 1057 1714 suar.
1083 1658 1136 1714 Sed
1149 1659 1210 1730 quid
1227 1659 1403 1731 sequituriin
1427 1661 1529 1715 dimidio
1543 1662 1638 1716 dierum

143 1766 203 1806 ores
224 1765 303 1803 uuas.
327 1747 396 1804 Lera
412 1756 438 1802 to
450 1746 540 1802 oeulos
563 1756 620 1801 tuos
647 1747 673 1801 in
693 1756 806 1813 montes,
859 1749 914 1819 ejus
927 1748 1096 1819 derelinqunt
1106 1759 1206 1816 eum,et
1217 1751 1242 1804 in
1255 1751 1507 1806 noninimissuiserit
1519 1752 1638 1820 insipiens

142 1841 208 1900 nist
228 1839 354 1896 auxilium
379 1838 425 1893 tibi
443 1855 450 1890 ι
473 1836 519 1892 sed
537 1836 645 1893 attende
666 1836 807 1903 dicentem,
860 1838 966 1910 iterem.
977 1854 1042 1904 xrrr,
1058 1839 1113 1912 tt).
1127 1840 1205 1896 Venit
1216 1841 1259 1896 iiie
1273 1855 1435 1912 cerrgrogans
1449 1840 1563 1911 undique
1575 1856 1639 1897 oves

142 1950 207 1989 carr.
223 1933 356 1988 Auxilium
368 1931 439 1988 enim
449 1930 678 1995 tuumaDomino,
693 1929 737 2001 qni
746 1928 809 1985 iecit
859 1928 980 1986 suasio
1001 1931 1104 1985 dimidie
1129 1931 1225 1986 dieram
1249 1933 1312 2003 ejus,
1334 1932 1482 2003 priusquam
1506 1934 1637 2003 sperabat,

142 2033 285 2082 atterram.
858 2028 999 2092 autequam
1012 2021 1128 2092 putabat,
1141 2021 1310 2092 dereiinquent
1320 2039 1387 2088 eunt,
1402 2032 1426 2077 et
1451 2023 1496 2077 erit
1519 2022 1638 2092 insipiens

142 2114 222 2170 bees
234 2115 330 2169 sunites
348 2122 370 2168 et
388 2112 483 2186 requies
496 2128 527 2168 ee
537 2112 600 2167 Dee.
610 2110 756 2183 -Etiiqe
765 2128 807 2166 re·
858 2111 885 2166 in
898 2113 1036 2168 nouissimis
1047 2114 1109 2168 ruis.
1123 2113 1210 2180 Quare
1225 2114 1250 2168 in
1263 2114 1353 2184 primis
1366 2115 1420 2169 suis
1446 2115 1553 2185 sapiens
1569 2124 1637 2182 erat,

142 2206 253 2278 specium
276 2220 329 2271 eos,
345 2203 404 2258 dicit
417 2203 540 2258 Dominus
560 2201 637 2258 deus.
649 2200 702 2258 Sed
722 2211 752 2258 ut
763 2217 808 2258 re·
858 2212 885 2258 et
899 2205 925 2258 in
941 2205 1091 2260 novissimis
1110 2207 1165 2260 suis
1187 2205 1215 2260 ιιι
1237 2206 1381 2285 insipiqrsi
1403 2205 1508 2273 Audite,
1532 2205 1637 2262 iratres.

142 2310 160 2354 s
180 2295 271 2363 iaciat,
298 2295 383 2367 primo
405 2295 535 2351 curarit'.
558 2294 633 2362 Quod
640 2294 711 2349 euim
724 2295 809 2363 primo
859 2293 958 2349 Dicitur
972 2294 1113 2366 aliquando
1128 2297 1154 2350 in
1169 2295 1311 2366 seripturis
1326 2297 1453 2366 rapientia
1468 2312 1515 2367 pro
1529 2298 1636 2363 astutia,

154 2382 289 2455 posterim
312 2382 397 2438 dicit:
417 2382 480 2437 Hac
503 2382 562 2436 dicit
584 2381 709 2437 Dominus
723 2381 803 2450 bens,
859 2382 986 2441 abusione
998 2386 1081 2453 verbi,
1101 2400 1154 2440 oon
1167 2385 1336 2456 proprietate.
1351 2384 1413 2441 iude
1437 2387 1507 2441 enirn
1521 2386 1636 2442 dieitur:

142 2476 193 2543 tiit,
210 2475 353 2546 requirunt,·
379 2483 403 2529 et
415 2472 483 2543 quod
506 2474 605 2540 morit,
619 2474 758 2540 recreem
783 2484 807 2529 et
861 2474 909 2531 tici
921 2476 1042 2548 sumens?
1054 2475 1097 2530 udi
1107 2477 1209 2532 umbri
1222 2476 1264 2530 ubi
1277 2478 1427 2547 conquisitor
1440 2479 1516 2548 injus
1529 2478 1639 2533 recudi

142 2567 286 2622 minutum
298 2577 344 2633 cst,
361 2567 483 2639 eoiiiqoiro
493 2585 502 2632 ,·
514 2576 536 2622 et
548 2567 615 2638 quod
627 2568 740 2622 manime
759 2575 805 2635 ert,
859 2563 1058 2620 Nennestuitum
1066 2566 1124 2637 feeit
1135 2565 1203 2620 Deus
1212 2566 1442 2638 sementiombrq'us
1451 2568 1537 2621 murrdi
1547 2567 1568 2640 (Ι
1579 2567 1637 2623 Cor.

142 2658 189 2726 ιο,
204 2666 227 2713 et
237 2659 306 2730 quod
319 2660 410 2730 pinque
421 2670 457 2714 cet
469 2669 492 2712 et
504 2658 570 2730 qued
583 2661 649 2731 sorte
662 2668 711 2725 est,
723 2668 807 2714 eusto-
859 2669 878 2720 1,
906 2653 974 2726 idi?
995 2654 1029 2709 Et
1053 2654 1103 2711 iste
1127 2654 1416 2726 perdi1,idemdraoo,
1433 2656 1502 2711 idem
1516 2670 1637 2728 serpens,

142 2749 194 2806 uod
214 2765 267 2805 non
293 2749 423 2805 iaciebant
443 2748 505 2803 mali
530 2757 658 2818 pastores,
683 2762 713 2803 se
736 2748 807 2818 ipsos
860 2755 985 2818 tanquam
999 2746 1181 2818 sapienserat,
1196 2747 1395 2819 quandoidam
1411 2749 1547 2818 perEram
1561 2749 1638 2805 deee-

142 2857 173 2909 ε,
195 2855 250 2897 nen
269 2855 343 2896 eves.
363 2839 421 2895 Non
442 2840 479 2895 ait
495 2839 629 2906 Dominus,
645 2839 806 2894 constituam
858 2838 897 2908 pit
908 2855 914 2891 :
926 2853 1017 2894 rerum
1030 2836 1119 2894 dicere
1130 2847 1234 2909 putatus
1248 2847 1299 2905 est,
1315 2839 1413 2895 bonum
1427 2840 1565 2895 eerrsilium
1575 2840 1639 2896 dare

142 2944 186 2987 aes
207 2939 337 3002 pastores,
357 2931 401 3002 qui
414 2929 512 2986 iaciant
523 2929 580 2986 baec
594 2949 601 2986 a
616 2929 674 2995 sed,
685 2929 751 3001 Ego,
766 2931 806 2985 in·
858 2929 1023 2985 existimatus
1034 2938 1084 2995 εει,
1094 2939 1184 2985 eontra
1195 2929 1278 2985 Deum
1292 2928 1406 2985 creditus
1420 2938 1469 2987 est.
1488 2928 1564 2998 Quod
1575 2945 1638 2986 vero

142 3022 214 3088 iam;
242 3037 309 3077 ores
331 3037 403 3077 meas
427 3020 494 3077 nulii
514 3021 687 3076 committam.
714 3020 807 3076 Securi
857 3020 953 3075 dieitur
966 3019 1093 3090 rapientia
1102 3019 1229 3076 abusione
1240 3019 1313 3076 verbi
1327 3029 1354 3076 et
1364 3021 1389 3075 in
1404 3021 1483 3087 malo,
1497 3030 1639 3078 eonsuetu-

142 3128 204 3179 res;
225 3127 325 3168 securae
338 3127 395 3178 ves,
409 3128 472 3168 ores
489 3112 586 3168 :nobis
599 3110 704 3168 ridetur
713 3111 807 3167 timen-
857 3112 919 3169 diae
930 3112 1035 3183 quidem
1046 3112 1241 3182 scripturarum
1255 3120 1414 3178 nostrarum,
1429 3112 1499 3183 (nam
1514 3113 1639 3182 quemad·

142 3205 191 3259 rasi
204 3203 275 3259 desit
285 3203 487 3275 pastorbonusi
857 3204 965 3261 modum
981 3205 1123 3277 loquantur
1144 3213 1264 3260 auctores
1285 3203 1385 3269 mundi,
1412 3204 1474 3274 quid
1498 3203 1532 3258 ad
1549 3206 1637 3276 nesi)

146 3296 169 3353 'l'
182 3295 242 3352 xil.
252 3325 288 3336 -
298 3295 344 3351 ut.
368 3294 475 3350 Poscere
496 3311 554 3349 cum
572 3294 681 3365 judicio.
702 3291 807 3349 Claudit
856 3295 939 3351 habes
952 3292 1081 3350 ineodem
1093 3293 1171 3363 libro,
1184 3291 1247 3347 iicet
1258 3292 1292 3347 iii
1304 3309 1404 3363 serpens
1417 3293 1551 3363 sapientior
1560 3294 1640 3347 omni·

142 3396 275 3459 tposcom
287 3401 396 3441 eoscum
405 3385 513 3456 judicie.
526 3385 591 3440 Vide
603 3384 662 3454 quia
678 3387 715 3438 sic
735 3382 807 3438 seius
857 3387 902 3442 bns
924 3385 1007 3441 bestiis
1029 3383 1104 3458 (Gen.
1121 3399 1160 3452 ιιι,
1185 3381 1253 3457 id).
1278 3383 1329 3440 lste
1352 3384 1495 3454 sapientior
1518 3383 1639 3439 omnibus

142 3474 289 3546 injudicio.
300 3474 364 3541 Quis
372 3475 440 3530 enim
450 3474 527 3529 bomo
535 3472 633 3544 judicat
643 3473 676 3528 de
682 3472 807 3527 bonriuei
857 3476 959 3543 bestiis,
971 3484 1073 3531 astutus
1085 3483 1112 3530 et
1120 3483 1213 3530 acutus
1225 3473 1258 3528 ad
1275 3472 1457 3544 decipiendum
1478 3474 1637 3544 agnoscitur.

142 3566 182 3622 iis
198 3566 305 3636 judiciis
319 3565 396 3635 plena
411 3573 473 3621 sunt
484 3564 582 3620 omnia.
598 3564 636 3619 De
647 3580 700 3635 quo
711 3563 807 3633 despe-
856 3566 951 3623 Postea
976 3582 1029 3622 oon
1047 3566 1072 3622 ci
1093 3565 1223 3632 creditur3
1236 3573 1264 3619 et
1286 3564 1381 3619 dieitur
1390 3564 1425 3630 ei,
1449 3563 1639 3619 Renuntiemus

142 3673 180 3727 us,
195 3658 283 3713 subito
295 3658 468 3722 convertitur,
476 3665 503 3712 et
515 3657 545 3709 it
557 3657 671 3727 optimus
685 3675 692 3712 ε
707 3654 741 3710 de
754 3668 806 3725 quo
858 3656 916 3723 tibi,
932 3656 1028 3712 suffieit
1041 3657 1111 3727 quod
1133 3657 1252 3711 incautos
1273 3657 1358 3725 primo
1370 3654 1506 3725 decepisti.
1521 3654 1591 3725 Ergo
1600 3654 1637 3708 ita

143 3750 405 3822 praesumpserimus,
419 3749 508 3804 subito
523 3747 621 3814 deficit,
636 3756 663 3804 et
677 3747 706 3802 tit
719 3748 805 3818 pessi·
857 3749 885 3805 in
896 3748 1045 3805 novissimis
1053 3748 1109 3804 sois
1122 3748 1173 3803 erit
1186 3748 1326 3817 iusipiens;
1336 3756 1433 3818 apertae
1446 3754 1522 3801 erunt
1532 3745 1639 3801 fraudes

142 3855 164 3896 a
176 3840 257 3895 timor
277 3848 369 3894 noster
381 3847 468 3894 certus
482 3846 532 3903 est,
543 3853 592 3893 nec
613 3852 687 3892 amor
717 3847 807 3893 nester
857 3841 931 3913 eius3
954 3849 983 3897 et
1003 3841 1063 3897 ideo
1085 3840 1140 3911 jam
1159 3838 1266 3895 fraudes
1280 3853 1332 3893 non
1347 3846 1433 3894 erunt.
1449 3838 1478 3892 in
1488 3835 1638 3892 novissimis

142 3939 170 3986 a
180 3929 251 3999 Quid
264 3930 298 3984 sit
307 3929 385 3984 bodie
394 3929 601 3999 quisquehomo,
611 3929 655 3983 via
665 3928 738 3982 novit
750 3928 807 3998 ipse
857 3934 913 3989 suis
923 3931 973 3987 erit
985 3930 1122 4002 insipiens,
1136 3929 1180 4001 qui
1198 3928 1365 3999 congregarit
1380 3942 1438 3998 quae
1451 3941 1504 3981 non
1525 3924 1637 3996 peperit,

142 4031 230 4078 umen
244 4030 385 4091 utcumque
399 4021 454 4091 ipse
462 4020 525 4090 quid
540 4019 631 4086 bodie;
642 4019 704 4090 quid
717 4028 806 4075 autem
857 4031 884 4079 et
904 4022 966 4078 fecit
977 4021 1080 4077 diritius
1094 4035 1155 4076 suas
1175 4034 1227 4074 non
1253 4035 1311 4076 euna
1320 4018 1429 4088 judicio.
1444 4017 1533 4072 Pascit
1547 4024 1638 4072 contra

142 4132 154 4173 r
169 4115 237 4187 ipse.
253 4114 342 4169 Pascit
363 4128 425 4183 ergo
448 4113 493 4168 iile
506 4126 566 4167 eum
583 4112 692 4181 judicio,
704 4111 807 4182 disper·
858 4114 930 4168 iilum
944 4111 1103 4181 Redemptor
1115 4118 1203 4187 ιιοειει
1217 4124 1277 4164 eum
1288 4107 1398 4180 judicio.

142 4207 206 4278 >pria
227 4206 354 4276 propriis;
370 4204 427 4258 bue
447 4204 513 4269 istis,
530 4202 575 4257 ilia
590 4202 653 4269 iilis,
668 4201 755 4257 debita
768 4200 806 4257 eis
892 4201 937 4258 29.
963 4199 1058 4255 Perdis
1082 4196 1370 4254 cententioscoris.1n
1397 4197 1552 4252 dormites.
1576 4195 1639 4251 Eni-

142 4299 249 4354 iebetur
268 4297 319 4351 boe
329 4304 375 4350 aut
386 4295 460 4350 iilud.
474 4294 551 4349 Nevit
565 4294 635 4349 enim
648 4292 710 4364 quid
726 4301 804 4364 agat:
858 4301 910 4349 stat
921 4300 948 4349 et
961 4291 1055 4362 aliquis
1066 4290 1213 4354 haereticus,
1229 4289 1277 4345 etsi
1292 4304 1343 4343 non
1354 4287 1433 4343 irater
1445 4286 1552 4354 diaboii,
1565 4294 1639 4343 certe

142 4390 195 4446 icio
216 4390 311 4460 puscit,
338 4403 406 4458 quos
429 4386 562 4457 judicatus
582 4384 704 4440 redemit.
720 4383 808 4439 Pascit
858 4384 1001 4454 adiutaret
1021 4381 1144 4436 iilius:et
1158 4381 1244 4452 ipsum
1256 4379 1366 4434 dixerim
1381 4377 1514 4448 perdicere
1526 4385 1638 4432 eonten-

142 4496 151 4536 s
169 4495 231 4535 cum
241 4478 351 4550 judicio.
859 4477 954 4530 tiorum
966 4470 1072 4527 animai.
1084 4470 1139 4526 ileo
1151 4471 1221 4526 enim
1237 4469 1343 4535 anirual,
1355 4476 1384 4524 ut
1397 4483 1512 4539 aucupes
1526 4477 1636 4537 norunt,

142 4570 220 4625 ’cedia
241 4569 294 4623 sine
313 4567 410 4639 judicio
432 4581 595 4636 cenqrcqons,
623 4563 745 4617 diabotus.
779 4561 807 4616 ia
859 4566 938 4622 etiam
947 4560 1123 4617 contendendi
1136 4559 1338 4629 studioeapitur.
1346 4559 1514 4616 contendunt
1526 4561 1569 4616 isti
1579 4576 1639 4616 eon·

142 4677 148 4715 ι
172 4661 245 4715 enim
269 4659 381 4735 tqemia
405 4656 595 4710 uindicauerit
617 4656 717 4725 perdia,
745 4670 806 4707 con·
859 4667 899 4714 tra
912 4656 1058 4721 santarem,
1071 4664 1098 4710 er
1119 4653 1312 4710 contenderunt
1331 4671 1365 4710 ex
1378 4655 1637 4728 qposediriserunt.

142 4767 200 4823 Μ
212 4768 263 4805 000
274 4749 379 4820 peperit,
393 4747 487 4819 faciem
499 4747 597 4799 diuitias
620 4761 678 4797 snos
691 4761 740 4796 1100
751 4759 808 4796 11110
859 4748 937 4804 blodo
955 4747 1065 4812 dieunt,
1081 4744 1246 4802 Contendere
1266 4745 1388 4802 nolumus
1400 4763 1406 4799 :
1418 4746 1478 4816 quia
1497 4747 1552 4816 jam
1569 4747 1639 4812 capti

142 4844 239 4901 [entra
249 4844 326 4897 istum
338 4840 471 4910 perdicem
481 4838 620 4894 facientem
630 4836 733 4892 divitias
747 4849 809 4890 suas
859 4837 1082 4895 suncNonbabet
1091 4837 1160 4908 qaod
1171 4837 1240 4893 dieat
1249 4836 1328 4891 :Nolo
1339 4838 1509 4892 contendere.
1523 4835 1637 4905 Oeapte,

142 4951 149 4989 ι
160 4933 272 5004 jndicio,
280 4932 365 5002 pascit
376 4933 424 4985 iste
437 4939 525 5000 pastor
535 4928 710 4997 cumiudicio.
721 4926 808 4994 Quare
859 4927 1000 4999 aliquando
1014 4936 1086 4983 certe
1096 4936 1123 4982 tu
1135 4941 1196 4981 eras
1215 4925 1259 4995 qui
1280 4925 1372 4995 primis
1385 4924 1548 4994 temporibus
1570 4924 1640 4979 sedi-

146 5023 269 5095 judicio?
283 5022 350 5090 Quia
370 5021 538 5091 congregarit
556 5034 615 5090 qum
629 5034 680 5074 non
695 5019 806 5090 peperit.
861 5019 939 5075 tionis
952 5028 1003 5073 tuae
1018 5018 1158 5073 traditores
1170 5015 1308 5086 arguebas,
1319 5015 1474 5070 innocentes
1485 5013 1638 5080 damnabas,

142 5125 170 5172 ιε
190 5131 251 5171 cum
260 5113 383 5186 judicio?
402 5112 467 5179 Quia
481 5111 551 5167 ieret
563 5111 633 5182 quod
645 5112 756 5182 peperit.
772 5112 808 5166 De
858 5109 985 5180 judicium
997 5107 1164 5177 Imperatoris
1184 5106 1330 5177 quaerebas,
1341 5104 1441 5174 iudicio
1456 5104 1640 5174 episcoporum

143 5215 232 5261 umen
246 5204 316 5258 bono
329 5202 472 5272 loquimur.
486 5201 609 5255 Pastores
628 5200 689 5254 boni
702 5209 747 5254 aut
757 5215 808 5254 non
860 5216 912 5256 non
923 5199 1114 5266 consentiebas,
1124 5197 1208 5253 nictus
1217 5197 1294 5251 toties
1305 5196 1463 5267 appellabas,
1474 5195 1542 5265 apud
1556 5195 1641 5266 ipsum

141 5296 254 5352 tiatent.
267 5295 298 5350 Si
311 5309 365 5349 non
379 5301 449 5359 sunt,
467 5291 528 5362 quid
542 5292 660 5362 agimus?
674 5291 703 5346 Si
716 5291 808 5357 latent,
862 5293 1048 5362 imperatorem
1060 5289 1249 5347 studiosissime
1258 5288 1388 5359 litigabas,
1397 5287 1574 5359 congregabas
1583 5303 1642 5357 quae

142 5437 213 5481 ‚m
225 5429 328 5487 mg
340 5432 403 5477 m,
413 5436 547 5476 ,emm
557 5423 583 5473 ὑ,
592 5422 717 5473 ‚mm-m
862 5400 914 5439 nou
923 5382 1059 5455 peperisti.
1070 5381 1121 5438 Ubi
1135 5389 1176 5437 εει
1187 5395 1256 5436 nune
1267 5381 1354 5436 ceruix
1369 5381 1433 5436 toai
1444 5380 1487 5436 ubi
1500 5390 1542 5436 est
1552 5380 1642 5450 lingua

142 5490 187 5541 ιιιιι.
201 5499 228 5542 et
238 5497 306 5549 rev,
317 5487 376 5552 quid
386 5485 464 5552 prinu
477 5486 576 5536 curarit.
594 5484 730 5545 redundat,
742 5481 809 5548 qnid,
863 5476 926 5531 tua?
937 5475 981 5531 ubi
999 5473 1094 5530 sibilus
1107 5472 1186 5528 tuus?
1202 5473 1280 5528 Certe
1296 5474 1322 5527 in
1335 5470 1484 5527 novissimis
1496 5471 1546 5527 tuis
1559 5470 1641 5526 [acue

142 5555 438 5677 {hammaim-ilii
454 5615 599 5660 mmm
618 5613 687 5658 m:
702 5613 728 5658 m
743 5606 811 5659 adda
863 5567 1044 5635 osinsipienr,
1065 5563 1160 5636 pavisti
1183 5564 1240 5619 sine
1263 5562 1374 5633 iudicio.
1389 5561 1446 5623 Non
1467 5563 1639 5662 enimverure

450 5667 454 5675 '
866 5651 1643 5729 rir,reldeerroretue‚reidereritateiudicare.i’ascrt

1163 5820 1328 5907 ,ὠ
