3728 6276
128 223 197 282 tots

125 336 152 391 iii
165 334 205 392 eir
219 333 346 391 memoria
356 333 482 400 salutari,
495 332 566 406 quod
580 333 707 389 Dominus
718 328 912 388 nosternoicns

739 215 767 270 S.
787 208 969 271 rdddstutt
983 211 1131 271 uniscunt

1679 231 1741 287 tttt

966 327 1081 384 cavenda
1102 341 1174 387 snut.
1194 331 1252 388 Non
1267 333 1441 392 buinanornrn
1454 338 1644 396 alimentorum
1655 304 1743 413 murra

123 423 173 480 liei
193 421 278 481 mlius
301 424 510 481 misericordiam
535 424 658 497 praestitit
672 424 764 487 nobis,
785 419 914 492 ieiunarit
965 404 1132 487 detestanda,
1151 423 1198 478 scd
1221 426 1334 482 carnalis
1355 436 1397 483 est
1416 427 1560 484 delectatio
1581 431 1742 488 refrenanda.

964 507 1035 564 usai
1050 526 1102 565 non
1116 512 1205 584 pingui
1219 514 1300 570 vitulo
1314 516 1356 573 vel
1375 517 1526 575 volatilibus
1539 519 1685 592 ngbmds,
1703 525 1743 577 ιιι

964 599 1138 658 immoderate
1149 605 1288 675 concupita
1302 606 1425 664 lenticula
1438 609 1600 681 reprobatus
1610 622 1652 669 est
1665 613 1741 685 (Gur.

124 514 265 586 oravitque
275 529 324 586 pro
335 515 423 572 nobis.
446 515 621 586 Eleemosyna
633 514 731 585 quippe
742 527 845 585 graece,
860 510 911 565 ini-

121 606 265 663 teriomdia
281 618 332 664 est.
357 607 422 677 Quae
443 619 533 664 autem
548 607 632 679 major
646 622 706 662 esse
729 604 911 661 misericordia

122 711 203 770 snper
213 697 325 755 miseros
347 701 446 770 potnit,
462 713 540 770 quarn
554 698 597 752 illa
617 713 676 768 qnae
690 697 749 752 eoeli
764 705 910 752 creatorem

124 788 160 849 de
180 790 249 847 ctefo
269 789 405 862 deposuit,
432 800 458 847 et
472 800 578 846 terreno
595 804 707 859 corpore
728 800 806 843 teria
828 786 911 842 induit

120 881 294 947 conditorem;
306 898 367 938 eum
378 883 422 954 qui
433 882 462 938 iii
472 881 619 937 eternitate
630 880 716 935 Patris
727 886 816 934 manet
823 892 911 948 aequa·

120 971 172 1038 iis,
185 971 346 1031 mortalitate
369 972 516 1044 coequavit
538 980 566 1028 et
585 970 679 1037 nobis,
701 969 813 1026 formam
839 970 909 1025 serii

120 1061 211 1119 mundi
225 1063 337 1120 Domino
352 1065 493 1134 imposuit;
512 1063 612 1134 etipse
625 1063 700 1132 panis
714 1061 844 1128 esuriret,
865 1075 909 1116 sa·

120 1153 198 1209 tietas
211 1154 314 1222 sitiret,
339 1155 423 1211 virtus
445 1153 641 1221 infirmaretur,
665 1152 764 1208 sanitas
786 1151 910 1207 vnlnera-

119 1253 211 1314 retnr,
230 1246 285 1303 vita
297 1247 466 1303 moreretur?
482 1245 537 1301 Hoc
550 1253 654 1311 autem,
670 1252 699 1300 ut
713 1252 804 1299 iiosua
816 1257 910 1313 pasce·

118 1346 192 1392 retur
205 1336 306 1404 fames,
319 1338 450 1411 rigaretur
462 1337 586 1405 aviditas,
600 1336 782 1393 consolaretur
794 1332 908 1389 infirmi·

117 1436 170 1500 tas,
181 1430 392 1503 exstingueretur
398 1430 532 1500 iniqnitas,
545 1428 696 1486 ardesceret
706 1425 831 1484 ebaritas.
843 1424 909 1494 Quae

117 1520 203 1590 iiiajor
216 1520 395 1577 misericordia
409 1562 416 1586 ,
432 1535 512 1591 quain
531 1520 615 1576 creari
629 1527 794 1584 creatorem,
808 1517 908 1573 servire

117 1611 331 1679 dominatorem,
354 1611 431 1667 vendi
447 1611 659 1681 redemptorem,
685 1609 817 1665 linmiliari
836 1609 908 1664 cial-

117 1711 246 1772 tatorem,
269 1703 354 1760 occidi
378 1687 581 1760 suscitatorem?
594 1702 676 1758 Nobis
696 1701 731 1757 ds
754 1700 907 1773 praebendis

117 1797 292 1869 eleemosynis
317 1796 468 1866 precipitur
492 1804 520 1850 iit
541 1809 636 1865 panem
656 1793 751 1849 demus
776 1792 903 1850 esurienti

117 1886 197 1959 (frui.
210 1903 283 1953 rriii,
297 1889 325 1958 7)
338 1903 344 1941 ;
356 1887 400 1942 illc
413 1900 443 1942 se
458 1888 544 1956 ipsum
565 1895 593 1940 ut
607 1883 684 1939 nobis
702 1882 778 1941 daret
788 1883 907 1939 esurien-

115 1978 208 2049 tibus,
222 1979 296 2050 piius
310 1992 357 2048 pro
372 1978 448 2032 nobis
466 1991 496 2032 se
515 1975 623 2032 tradidit
643 1974 822 2031 saevientibus.
838 1975 907 2030 Prur-

117 2068 214 2141 cipitur
234 2068 312 2125 nobis
335 2078 365 2125 ιιι
386 2069 554 2140 peregrinum
579 2067 737 2138 recipiamus
758 2084 766 2122 a
790 2066 834 2121 ille
855 2079 905 2135 pro

116 2160 227 2219 nobisin
242 2176 289 2216 sna
298 2161 403 2233 propria
416 2161 504 2227 venit,
517 2169 544 2217 ιι
557 2160 597 2216 sni
611 2174 672 2217 cnm
683 2174 734 2214 non
749 2165 905 2228 receperunt

116 2253 206 2329 (forn.
219 2271 239 2321 r,
253 2251 308 2327 ll).
322 2255 411 2324 ipsum
425 2253 539 2324 deniqne
552 2251 691 2307 benedicat
701 2249 789 2305 anima
802 2259 903 2318 nostra,

115 2346 162 2420 quf
177 2345 306 2418 propitius
319 2344 348 2400 fit
360 2343 483 2399 omnibns
496 2340 757 2414 iniquitatibusque,
769 2340 814 2412 qui
827 2349 904 2397 sanat

114 2451 209 2494 ornnes
220 2436 360 2509 languores
372 2435 446 2505 ejus,
459 2434 504 2506 qui
516 2433 624 2491 redimit
636 2433 671 2489 de
680 2432 851 2504 corruptione
864 2431 904 2487 vi-

114 2539 170 2586 tani
183 2529 263 2599 eiius,
281 2526 326 2599 qui
339 2541 398 2582 eam
408 2533 518 2582 coronat
531 2525 557 2580 in
571 2524 740 2581 miseratione
755 2530 783 2581 et
796 2523 903 2580 miseri-

114 2619 205 2677 cordia
220 2635 227 2672 :
243 2618 287 2691 qni
301 2616 415 2673 satiatio
428 2615 673 2673 bonisdesideiinm
684 2615 742 2686 ejns
756 2613 841 2684 (Prot.
856 2630 902 2682 cu,

113 2712 189 2785 2-5).
205 2711 385 2768 Exerceamur
395 2710 484 2780 itaque
501 2709 683 2781 eleemosynas
703 2718 807 2765 nostras
828 2715 903 2763 tanto

113 2805 408 2877 impensiiis,tantoqne
426 2801 605 2875 frequentius,
624 2809 723 2873 quanto
732 2801 902 2872 propinquior

113 2896 144 2952 tti
156 2896 215 2952 dies
228 2910 280 2965 qna
304 2895 380 2952 nobis
394 2902 541 2964 praerogata
554 2892 721 2962 eleemosyna
742 2890 901 2948 celebratur.

115 2990 182 3059 Quia
207 2988 339 3060 jelmiiuni
368 2986 426 3042 sine
450 2982 630 3041 misericordia
655 2983 680 3039 ei
704 2983 769 3038 niliil
790 2990 832 3039 est
856 2984 902 3054 qui

111 3079 231 3157 aaa,

148 3171 176 3227 Ξ.
196 3169 328 3243 ieiunium
337 3169 518 3225 etubutinsiitio
532 3167 615 3240 quufir
626 3167 770 3238 requiritur.
781 3166 901 3222 ffinrerr·

114 3263 155 3318 de
178 3261 334 3333 rofriptuter,
354 3276 405 3316 nou
427 3258 565 3314 nmine.
584 3257 738 3328 ieiunemus
754 3258 832 3314 etiam
850 3257 901 3313 bii·

115 3353 249 3410 miliantes
272 3351 377 3408 animas
398 3359 520 3417 nostras,
539 3350 768 3422 appropinquante
786 3348 829 3404 dic
848 3364 901 3420 qno

114 3444 241 3516 niagister
261 3441 418 3499 humilitatis
442 3440 588 3496 humiliavit
608 3439 791 3509 semetipsum,
815 3437 901 3494 factus

114 3536 236 3595 subditus
247 3549 333 3607 usque
347 3533 379 3590 ad
394 3542 507 3590 mortem
516 3529 738 3603 cmcis(f’fiiiipp.
752 3546 781 3598 ii,
790 3530 828 3602 8).
840 3530 902 3586 lini·

115 3637 203 3684 terior
213 3625 272 3697 ejus
285 3640 403 3694 crucem,
417 3623 584 3680 abstinentiae
597 3621 679 3678 clavis
691 3620 820 3677 edomitas
834 3636 900 3677 eon·

114 3720 292 3794 cnpiscentias
302 3719 472 3789 continentes.
483 3715 648 3788 Castigcmus
657 3729 755 3785 corpus
768 3721 898 3780 nostrum,

114 3822 143 3870 et
156 3810 276 3869 servituti
287 3810 475 3881 subjiciamus:
486 3819 514 3865 et
522 3825 555 3864 ne
564 3824 612 3878 per
624 3806 778 3862 indomitam
792 3819 899 3861 carnem

113 3907 146 3963 nd
162 3905 253 3963 illicita
271 3904 452 3976 prolabamur,
466 3903 492 3957 in
505 3917 536 3957 ea
552 3899 684 3957 domanda
698 3899 859 3970 aliquantum
872 3905 900 3954 et

113 3997 184 4052 licita
198 3994 392 4053 subtrahamus.
405 3992 518 4064 Ciapula
531 4002 559 4048 ιι
571 3991 686 4047 ebrietas
696 3991 775 4047 ctiam
788 3989 899 4060 perdies

113 4095 228 4143 ceteros
241 4083 400 4142 devitanda:
422 4098 469 4152 per
482 4081 531 4136 lios
551 4087 639 4136 antem
660 4079 717 4135 dies
735 4080 814 4135 etiam
835 4094 900 4134 con-

112 4191 188 4235 cessa
203 4174 313 4247 prandia
325 4172 497 4230 removenda.
512 4170 647 4226 Adulteria
665 4179 693 4226 ct
711 4169 899 4227 fornicationes

112 4283 220 4339 semper
229 4265 392 4323 exsecranda
405 4272 485 4335 atque
496 4262 635 4334 fugienda:
650 4260 791 4318 bisantem
804 4262 899 4319 diebos

112 4368 139 4417 et
154 4373 169 4414 a
184 4356 340 4429 conjugibus
354 4352 553 4425 temperandum
565 4361 615 4410 est.
631 4353 719 4410 Facile
734 4353 780 4409 tibi
795 4354 898 4410 obtem·

112 4450 216 4523 perabit
228 4463 301 4515 caro,
314 4463 349 4505 ne
363 4445 491 4503 inherent
501 4444 604 4513 alienis,
618 4460 677 4514 qoae
691 4441 820 4500 refrenari
831 4459 897 4500 coii-

112 4543 229 4602 suevcrit
241 4550 270 4598 et
282 4556 297 4598 a
311 4540 375 4598 suis.
389 4541 459 4597 Sane
472 4537 618 4594 cavendum
634 4547 673 4593 est
687 4553 720 4593 ne
734 4546 829 4599 mutes,
844 4555 896 4594 non

112 4637 217 4692 iniurias
229 4635 386 4704 uoluptates.
399 4632 494 4689 Videas
507 4631 578 4687 enini
593 4629 721 4702 quosdam
736 4646 784 4701 pro
799 4631 898 4687 usitato

111 4727 189 4796 vino,
204 4726 343 4782 inusitatos
356 4724 472 4796 liquoroe
490 4722 648 4794 exquirere,
668 4713 696 4777 ιι
716 4721 826 4777 aliorum
847 4737 897 4777 er·

111 4817 249 4889 pressione
271 4830 427 4887 pomorum,
450 4812 519 4884 qnod
543 4828 577 4867 er
602 4826 651 4867 uva
671 4811 722 4867 sibi
745 4811 894 4883 denegant,

111 4911 196 4967 inuito
209 4910 315 4966 suarius
328 4923 517 4980 coinpensare;
535 4907 609 4963 cibos
629 4916 703 4963 ertia
717 4921 812 4963 carries
826 4908 894 4962 ninf-

79 4992 86 5007 '
112 5001 194 5072 tiplioi
212 5000 340 5056 mrietate
353 5014 384 5055 ac
397 4997 562 5069 jucunditate
582 4997 753 5068 conquirere;
769 5007 795 5053 et
807 4997 896 5052 soavi·

111 5102 179 5149 tatus
190 5107 255 5164 quas
267 5091 321 5146 alio
335 5098 455 5161 tempore
466 5089 612 5144 consectari
629 5088 727 5158 pudet,
750 5088 812 5145 huic
826 5098 893 5144 teni-

110 5184 170 5255 pori
185 5170 259 5253 qnasi
274 5180 422 5253 opportune
434 5179 577 5250 colligere:
594 5187 622 5233 nt
632 5178 756 5234 videlicet
769 5180 895 5235 observa-

111 5275 149 5330 tio
161 5272 375 5345 Qnadragssimai
387 5288 439 5328 non
449 5272 484 5327 sit
492 5279 613 5327 ueterum
623 5270 895 5339 concupiscentiarum

111 5365 255 5435 repressio,
267 5364 314 5420 sed
326 5378 453 5419 nonarum
465 5361 618 5417 deliciarum
631 5362 744 5418 occasio.
759 5363 828 5430 liaec,
842 5361 895 5418 fra-

111 5465 177 5522 tres,
191 5455 310 5512 scrobis
321 5469 445 5527 persuasa
458 5453 611 5523 subrepant,
625 5461 722 5522 quanta
735 5454 844 5523 potestis
856 5454 895 5508 vi-

110 5545 217 5616 gilantia
233 5546 378 5619 providete.
393 5544 557 5602 Parcirnonia
578 5545 687 5615 jejuniis
709 5543 892 5616 coniungatur.

111 5635 185 5696 Sicut
193 5636 293 5693 ventiis
303 5636 453 5710 castiganda
463 5636 596 5705 saturitas,
608 5635 643 5692 ita
653 5635 720 5709 gulu-
731 5636 893 5694 irritamenta

963 705 1028 756 xxv,
1041 692 1155 767 sust).
1171 694 1296 752 Sanctum
1312 698 1394 756 liavid
1410 717 1505 770 aquam
1520 702 1581 774 plns
1593 703 1668 774 iusto
1680 705 1742 761 deri·

962 779 1071 838 derasae
1085 784 1208 855 poenitnit
1219 786 1229 859 (
1239 787 1250 842 l
1262 786 1352 845 Periit.
1366 806 1404 859 ιι,
1419 791 1465 859 ¹8,
1479 790 1513 849 fii
1523 793 1544 865 ).
1560 792 1623 849 lton
1633 796 1741 865 operosis

962 887 1026 945 ergo
1039 889 1125 946 noque
1138 879 1270 947 pretiosis,
1285 880 1333 936 sed
1350 881 1514 954 inpromptu
1534 892 1563 940 et
1580 885 1676 955 positis
1689 890 1741 958 qni·

962 964 1066 1037 bosque
1079 968 1217 1027 vilioribus
1228 971 1361 1029 alimentis
1373 984 1416 1031 est
1432 990 1531 1048 corpus
1544 977 1677 1049 ajeiuiiio
1686 981 1740 1036 refi-

960 1056 1094 1126 ciendum,
1105 1061 1147 1117 vel
1160 1063 1246 1132 potius
1257 1062 1427 1122 fulciendum.

997 1150 1024 1205 3.
1045 1147 1133 1207 Oratio
1142 1154 1283 1225 jejunantis
1301 1156 1379 1212 fidere
1395 1159 1458 1214 ritu
1477 1160 1622 1232 cupiditate
1640 1170 1665 1216 et
1681 1162 1738 1216 udis

961 1237 1094 1305 Quomodo
1107 1244 1188 1299 oratio
1199 1244 1261 1315 {ecit
1274 1247 1452 1320 eleemosyuna.
1466 1248 1514 1306 llis
1528 1249 1626 1307 diebus
1639 1251 1739 1308 admiri-

960 1331 1027 1387 culis
1049 1332 1153 1404 piarum
1175 1336 1403 1410 eleemosynarum
1424 1351 1452 1397 et
1471 1341 1616 1413 frugalium
1638 1343 1739 1416 irinum·

960 1437 1018 1478 runi
1033 1425 1118 1481 oratio
1128 1436 1218 1484 nostru
1231 1429 1258 1484 in
1268 1443 1382 1501 superna
1392 1433 1556 1490 sustollitur:
1565 1435 1630 1507 quia
1640 1438 1739 1494 nocitu-

959 1515 1113 1585 pudentera
1131 1519 1185 1576 beo
1199 1522 1378 1580 misericordia
1397 1527 1579 1598 perdundum
1593 1529 1631 1585 ab
1644 1528 1739 1587 bonius

959 1604 1060 1665 homini
1070 1626 1123 1666 nori
1133 1621 1252 1683 negatur,
1262 1631 1313 1672 nec
1321 1631 1414 1674 serena
1428 1619 1518 1676 cordis
1533 1621 1654 1691 petentis
1665 1622 1739 1678 hur·

959 1699 1013 1754 tio¹
1025 1703 1170 1760 carnalium
1181 1706 1344 1778 voluptatum
1355 1709 1586 1779 phantasmatibus
1596 1713 1740 1770 nubitisin·

957 1793 1072 1863 peditur.
1084 1795 1125 1852 Sit
1136 1807 1224 1854 autem
1234 1801 1318 1857 oratio
1327 1791 1410 1868 castu,
1421 1817 1455 1858 ne
1463 1803 1531 1860 forte
1542 1820 1597 1860 noo
1609 1805 1738 1876 quodeba

957 1885 1032 1953 ritas,
1042 1887 1305 1961 sedquodcupiditas
1315 1895 1421 1964 quaerit,
1431 1903 1574 1966 optemus,
1585 1913 1622 1953 rie
1636 1897 1738 1954 inimicis

957 1979 1019 2033 inali
1029 1979 1127 2051 aliquid
1140 1982 1333 2055 imprecemur;
1346 2001 1380 2042 ne
1389 1987 1417 2042 iii
1428 2002 1495 2058 qnos
1503 1988 1632 2046 nocendo
1638 1989 1681 2046 rel
1689 1990 1736 2044 iio·

957 2069 1070 2126 dicando
1084 2087 1137 2126 non
1148 2087 1298 2144 possumus,
1313 2077 1414 2133 orando
1424 2079 1577 2135 seviamus.
1586 2076 1670 2137 Certe
1681 2080 1739 2136 deu

956 2175 1006 2216 nos
1016 2162 1070 2231 apti
1077 2161 1209 2220 efficimur
1215 2165 1248 2222 ad
1260 2166 1388 2223 orandum
1398 2169 1581 2241 eleemosynis
1590 2165 1621 2226 et
1628 2171 1736 2242 jejuniis,

956 2250 996 2307 sic
1010 2253 1105 2323 etipsa
1120 2265 1211 2311 iiostra
1225 2259 1310 2315 oratio
1322 2258 1385 2315 facit
1397 2260 1596 2333 eleemosynas,
1611 2277 1674 2319 enni
1685 2262 1739 2320 diii·

955 2342 1026 2413 gitur
1042 2353 1122 2414 atque
1136 2347 1313 2418 profunditur,
1329 2365 1382 2405 non
1394 2365 1444 2421 pro
1456 2351 1552 2408 amicis
1566 2360 1688 2419 tanturm
1700 2369 1738 2410 rr·

956 2448 1015 2487 vom
1029 2434 1109 2490 etiam
1123 2450 1172 2504 pro
1185 2437 1308 2505 inimicis,
1321 2448 1349 2496 ιι
1360 2440 1464 2511 jejunat
1475 2442 1510 2496 ab
1524 2442 1568 2498 iro
1580 2442 1736 2500 etodioeu

956 2526 1189 2593 perniciosissimis
1200 2528 1280 2584 vitiis.
1291 2528 1319 2586 Si
1332 2531 1402 2586 enim
1415 2546 1464 2587 rios
1475 2532 1659 2602 jejunamnsa
1670 2531 1735 2598 cibit,

955 2624 1056 2687 quanto
1077 2618 1165 2687 potius
1184 2619 1229 2675 iila
1248 2635 1264 2674 a
1284 2622 1413 2678 venenis?
1436 2623 1558 2694 deniqne
1577 2638 1630 2682 noa
1651 2624 1736 2682 debitis

956 2709 1166 2780 opportunisque
1184 2712 1346 2782 temporibus
1363 2714 1552 2771 alimentorum
1574 2717 1736 2788 percepitur

956 2799 1112 2857 relicimur:
1133 2818 1266 2874 nunquam
1285 2805 1357 2860 illam
1374 2807 1443 2862 escis
1457 2807 1556 2863 talibus
1568 2809 1733 2866 οιιιιιιαιιι

957 2891 1089 2963 Perpetua
1101 2896 1228 2966 suscipiat
1239 2897 1289 2953 ista
1300 2898 1415 2968 iejunia:
1427 2901 1488 2970 qnia
1498 2911 1542 2957 est
1551 2902 1592 2958 illi
1603 2902 1679 2960 cibus
1687 2917 1734 2975 prr

954 2985 1039 3053 priris,
1058 3002 1138 3057 quoni
1160 3003 1267 3046 sumere
1286 2991 1344 3047 sine
1362 2992 1560 3052 intermissione
1582 2995 1732 3067 precipui.

954 3076 1067 3150 Semper
1077 3095 1141 3152 ergo
1153 3080 1256 3152 ieiunet
1267 3082 1302 3140 ab
1316 3082 1389 3151 odio,
1409 3097 1516 3157 semper
1531 3085 1676 3146 dilectione
1694 3099 1732 3158 pt·

955 3180 1054 3229 sertor.

1188 3324 1301 3383 sunno
1317 3325 1440 3385 ccum·
1455 3326 1505 3402 p).

1197 3485 1222 3531 ¹¹1
1231 3481 1425 3546 quadragesima,
1439 3498 1473 3539 iv.

990 3584 1016 3639 i.
1045 3584 1274 3655 Quadruqssimniis
1295 3587 1445 3644 molimentis
1469 3591 1554 3661 quuiis
1580 3608 1635 3648 ease
1660 3592 1728 3648 dedet

954 3671 1143 3745 fleitriripeudoe
1165 3675 1272 3742 delicie,
1296 3693 1347 3731 uon
1370 3679 1509 3735 mutanda.
1532 3680 1659 3741 solertim
1677 3694 1731 3741 tettr

954 3778 1004 3833 pus
1017 3764 1135 3832 advenit,
1150 3780 1202 3837 quo
1216 3777 1330 3823 vestmm
1344 3783 1561 3828 commoneamus
1575 3782 1604 3830 et
1616 3773 1730 3832 exhorto-

952 3873 1013 3912 inur
1031 3857 1057 3913 in
1074 3858 1185 3914 Domino
1198 3858 1359 3916 Cliaritatem
1376 3876 1550 3934 :quanquam
1570 3865 1658 3936 ipsum
1671 3875 1731 3924 teni·

951 3961 1015 4017 piis,
1032 3949 1111 4004 etiam
1131 3950 1280 4006 tacentibus
1301 3951 1388 4019 nobis,
1410 3953 1474 4009 satis
1495 3969 1542 4010 vos
1559 3955 1732 4014 adnionsrtet

954 4038 1084 4107 hortetur,
1096 4047 1124 4094 ot
1133 4039 1240 4111 jeiuniis
1252 4051 1279 4098 et
1292 4043 1456 4100 orationibus
1467 4053 1495 4100 ιι
1506 4044 1685 4121 eleemosynis
1694 4061 1732 4105 to·

951 4130 998 4185 lito
1012 4131 1154 4187 instantius
1168 4141 1196 4188 et
1209 4133 1322 4190 alacrius
1335 4133 1469 4191 ferveatis.
1488 4135 1542 4193 Sed
1562 4139 1732 4196 ministerium

952 4219 1036 4275 nostri
1051 4222 1182 4277 sermonis
1194 4222 1306 4289 accedit,
1319 4232 1387 4280 utet
1399 4225 1564 4297 vocisbujus
1577 4229 1658 4296 tuba,
1670 4232 1733 4286 vires

951 4326 1014 4366 suas
1027 4311 1136 4383 spiritus
1148 4320 1236 4369 vester
1248 4312 1375 4370 adversus
1388 4329 1497 4372 carnem
1509 4315 1684 4376 dimicaturus
1692 4334 1733 4376 ao·

951 4403 1039 4474 cipiat.
1055 4403 1113 4459 Sint
1132 4419 1196 4477 ergo
1208 4412 1297 4460 vestra
1307 4405 1407 4475 jejunia
1421 4406 1479 4463 sine
1493 4407 1598 4479 litibus,
1617 4410 1732 4467 ιιιιιιοή·

951 4495 1011 4561 biis,
1025 4493 1159 4550 oedibus:
1173 4506 1201 4551 ut
1214 4497 1294 4551 etiarn
1308 4496 1352 4564 qui
1364 4498 1489 4569 subjugo
1502 4509 1594 4557 vestro
1608 4511 1680 4568 sunt,
1691 4517 1730 4559 re·

949 4587 1102 4642 missionem
1118 4597 1219 4643 cautam
1235 4589 1349 4646 sentiant
1366 4599 1393 4644 et
1412 4589 1572 4661 benignam
1594 4603 1624 4651 ut
1644 4610 1731 4666 aspera

949 4678 1076 4733 severitas
1091 4677 1245 4741 refrenetur,
1267 4695 1318 4733 iion
1339 4689 1367 4734 nt
1387 4681 1502 4736 salubris
1521 4681 1662 4754 disciplina
1679 4684 1729 4741 sol·

948 4778 1034 4826 vatur.
1048 4769 1115 4825 Cum
1130 4785 1194 4825 vero
1211 4769 1300 4839 aliquo
1318 4785 1415 4840 genere
1433 4770 1552 4828 ciborum
1568 4773 1651 4831 etiarn
1669 4790 1727 4831 cor·

948 4876 1085 4918 cessovum
1100 4869 1178 4932 atque
1194 4861 1337 4928 licitorum,
1355 4878 1434 4918 causa
1449 4866 1595 4935 castigandi
1617 4868 1728 4937 corporis

949 4952 1098 5018 abstinctis,
1112 4961 1271 5008 mementote
1285 4954 1368 5008 onmia
1379 4955 1474 5009 inundo
1485 4957 1611 5013 mundis:
1628 4975 1661 5015 ne
1672 4957 1727 5030 quil

949 5045 1047 5114 putetis
1065 5044 1244 5110 immundum,
1259 5046 1310 5100 nisi
1329 5045 1399 5115 qnod
1416 5046 1560 5124 infidelitas
1580 5051 1727 5122 inquinare·

949 5136 994 5189 rit.
1003 5133 1146 5190 lmniundir
1154 5135 1219 5190 enim
1227 5145 1249 5191 et
1257 5136 1409 5206 infidelibus,
1417 5137 1618 5208 aitdpostolus,
1629 5140 1726 5197 siliis!

948 5225 1071 5279 mundum
1084 5225 1146 5298 (Tit.
1159 5241 1179 5295 t,
1194 5228 1244 5293 ¹53
1260 5225 1335 5284 Rom,
1347 5244 1402 5294 xiv,
1421 5227 1486 5299 20).
1505 5229 1560 5285 Sed
1574 5231 1652 5302 piane
1668 5230 1725 5287 dds·

948 5316 1013 5371 lium
1025 5331 1136 5386 corpora
1150 5332 1209 5372 cuni
1223 5318 1345 5374 servituti
1360 5317 1552 5389 subjiciuntur,
1564 5318 1722 5391 pmficitspi·

979 5461 987 5491 ¹
999 5456 1079 5507 codex
1090 5454 1250 5512 folbertintts
1260 5452 1341 5506 cordis
1350 5452 1484 5516 poettitetttis
1495 5451 1604 5505 ιἰιιιιιιίο.

978 5516 1263 5592 ‘camigatusadomnes
1283 5522 1336 5568 tiss.
1355 5521 1381 5566 ιι
1395 5514 1450 5566 ndu
1472 5515 1626 5568 lusermutte
1642 5521 1718 5580 pm*

945 5585 1013 5708 “id
1023 5579 1297 5709 mimda...
