3750 6270
117 212 171 272 Μ
732 207 761 264 S.
780 196 963 261 nncuslldl
981 198 1132 261 sebeon

119 329 182 399 qnia
196 325 321 397 operibus
331 323 466 380 creatoris
483 323 524 379 sni
538 321 616 379 bonis
630 321 729 377 nullum
742 318 829 374 adbnc
847 331 905 370 ma·
960 325 1002 370 est
1019 315 1132 387 populus
1145 315 1204 372 lici.
1218 317 1371 374 factasunt
1384 316 1512 374 mincnh
1530 316 1634 385 ειιιιιε,

119 417 174 473 lum
187 430 256 488 opus
267 430 343 471 snum
357 413 526 469 miscuerant
540 411 662 468 Nondum
676 412 747 466 enirn
761 407 907 464 nunduca·
961 418 1020 477 pata
1032 407 1121 464 divina
1132 409 1271 467 benelicia.
1286 411 1327 468 dd
1341 419 1438 469 terram
1452 410 1636 484 promissionis

118 516 213 565 verant
225 506 259 562 de
273 505 345 578 ligno
358 504 477 561 scientias
491 503 553 560 boni
573 512 602 560 ει
618 501 691 567 mali,
705 498 777 556 unde
792 497 906 554 mandu-
960 505 1019 553 etus
1028 506 1079 564 est,
1089 499 1124 557 ab
1142 498 1325 575 AEgypdovom
1346 503 1474 560 servitute
1490 501 1622 559 liberatus

119 612 182 654 vare
201 596 325 667 prohibiti
338 603 425 652 erant.
443 593 538 650 Postea
557 605 713 664 erpoquam
727 588 906 645 manducave·
962 588 1047 660 pbetae
1057 590 1083 645 in
1097 590 1143 646 ilio
1154 592 1261 649 excitati
1271 602 1343 661 sunt,
1359 593 1487 667 templum
1510 592 1636 665 aceepit.

119 695 217 742 rnntet
231 695 419 756 peccaverunt,
434 693 522 739 natum
538 690 580 739 est
592 681 626 738 de
640 682 692 737 illis
703 694 787 752 genus
807 679 900 735 buma-
959 681 1061 737 dotium
1075 682 1189 753 aceepit,
1214 685 1367 741 unctionem
1388 685 1505 757 aceepit,
1524 683 1615 754 legem

119 793 183 833 num
197 794 204 833 :
219 777 246 833 id
259 787 311 845 est,
328 776 578 843 bomodebominc,
586 774 716 831 obnoxius
729 773 764 830 de
776 772 905 839 debitore,
960 770 1012 828 Sed
1031 771 1065 828 de
1084 771 1143 844 ipse
1161 781 1252 846 postea
1270 774 1368 832 dictum
1389 783 1447 844 cst,
1466 773 1533 831 Filii
1557 772 1636 830 atrii

119 870 239 927 mortalis
250 870 284 927 de
299 872 403 927 mortali
413 912 421 936 ,
432 880 556 941 peccator
566 869 600 926 de
613 877 763 941 peccatore.
775 866 829 923 llos
842 881 906 937 erpo
959 874 1017 919 sunt
1030 864 1092 919 miii
1105 862 1190 938 (Ptol.
1205 881 1273 934 xvir,
1285 866 1343 940 ld).

118 964 269 1034 appellatio
284 966 333 1019 bac
345 962 450 1029 arbore,
464 962 508 1033 nui
518 977 567 1034 per
577 976 658 1017 omine
676 967 782 1031 tempus
792 957 906 1014 lmctnrn
994 954 1107 1013 CAPUT
1127 955 1168 1012 lll
1183 987 1220 999 -
1237 958 1277 1014 Ad
1290 966 1437 1015 extremum
1455 958 1554 1014 missm
1571 956 1636 1015 esti

119 1055 184 1112 dare
195 1056 336 1112 noluerunt
351 1073 359 1109 τ
376 1065 403 1112 ει
429 1065 536 1127 propter
556 1053 608 1109 boc
631 1052 786 1109 imminebat
804 1049 908 1106 secnds
959 1046 1345 1122 Prophettsantepvomissus.
1363 1049 1424 1107 Nou
1437 1049 1576 1124 proerolmt
1598 1050 1636 1105 be

118 1146 253 1205 radicibus
276 1148 380 1203 arboris
402 1144 582 1203 infructuose.
612 1143 754 1201 intercedit
774 1142 905 1210 colonius,
959 1139 1020 1210 quia
1034 1140 1106 1196 lleus
1119 1139 1257 1198 lacursest
1275 1142 1368 1200 bomo.
1388 1141 1442 1201 Sed
1464 1143 1545 1199 etiam
1572 1142 1635 1217 ipse

118 1239 239 1296 didertur
250 1240 418 1310 supplicium,
434 1249 464 1295 nt
474 1238 631 1295 adhibeatur
641 1237 778 1295 auxilium.
793 1235 844 1305 Qui
856 1251 906 1290 au·
959 1231 1048 1290 divina
1060 1241 1227 1305 mntemptus
1239 1241 1289 1299 εει,
1301 1242 1430 1306 prestans
1442 1241 1496 1290 um
1513 1234 1600 1290 multa
1620 1230 1636 1291 b

119 1340 173 1388 tem
192 1332 332 1388 intercedit
349 1331 469 1398 colonus,
490 1339 532 1387 εει
545 1330 632 1386 omnis
646 1339 765 1393 sanctus,
780 1327 826 1399 qni
839 1328 906 1382 intra
959 1322 1109 1394 prebeusus
1120 1334 1172 1392 est,
1184 1325 1329 1397 flagellatus
1342 1334 1392 1392 cst,
1406 1339 1555 1397 suspensus
1576 1334 1630 1383 est.

118 1423 264 1481 Ecclesiam
278 1433 337 1480 orat
349 1438 398 1494 pro
411 1422 507 1493 eisqui
519 1429 582 1478 sunt
598 1430 672 1476 extra
685 1419 843 1476 Ecclesiam.
867 1416 902 1472 Et
959 1430 1011 1487 que
1021 1414 1156 1486 prevaluit
1166 1416 1256 1479 lromo.
1272 1416 1319 1473 Del
1331 1415 1427 1472 Eilium
1443 1415 1631 1487 prehendere,

119 1513 183 1586 quid
196 1515 273 1569 orat?
283 1512 401 1577 llondne.
415 1513 608 1568 dimitteillem¹
621 1521 645 1567 et
654 1512 701 1566 loe
712 1525 800 1566 enm:
813 1509 840 1564 id
854 1515 905 1576 est,
959 1507 1024 1564 lium
1037 1507 1179 1581 flagellare,
1195 1508 1240 1565 liei
1256 1507 1352 1565 Filium
1362 1508 1446 1581 spinis
1457 1523 1611 1576 comatam.
1631 1508 1636 1565 l

119 1614 240 1675 tempore
251 1604 303 1659 isto
315 1605 467 1675 subgmtia,
482 1618 561 1674 parce
571 1603 765 1674 peccatoribus,
776 1616 856 1674 parce
865 1600 906 1657 iu·
960 1601 1023 1656 lium
1037 1600 1108 1672 ligno
1118 1601 1290 1671 suspendere.
1302 1601 1417 1658 ‘lantum
1428 1601 1569 1674 prevaluit
1584 1600 1636 1659 bur

118 1697 251 1763 ddelibos,
262 1712 342 1768 parce
354 1697 499 1762 sterilibus,
512 1710 592 1768 parce
606 1695 785 1755 infructuosis.
792 1693 907 1752 cienen-
959 1706 1105 1764 quousque,
1120 1691 1171 1748 nisi
1180 1707 1318 1764 quousque
1329 1692 1465 1765 depositus
1476 1691 1512 1749 de
1529 1692 1625 1765 ligno,

119 1790 190 1862 fodio
203 1791 236 1854 ri,
249 1800 273 1844 et
287 1788 393 1845 cdiiieo
407 1789 543 1861 copbinum
560 1789 675 1844 stercoris
690 1788 735 1843 :si
751 1786 838 1858 Ιεεειίι
852 1790 908 1857 {rn-
959 1790 1002 1840 est
1014 1782 1040 1837 ln
1050 1782 1192 1854 sepulcro?
1206 1783 1234 1838 Si
1249 1783 1284 1840 ibi
1298 1783 1478 1851 remansisset,
1494 1799 1560 1842 vere
1579 1783 1636 1841 bo!

119 1891 197 1948 etum,
209 1879 289 1946 beru
302 1881 437 1936 unomen
449 1880 543 1944 minue,
557 1879 640 1934 renier
654 1876 830 1948 etempstnbia
840 1892 905 1931 cunr.
959 1876 1094 1932 valuisset.
1109 1874 1161 1933 Sed
1176 1876 1312 1948 propbetia
1334 1877 1384 1934 ista
1398 1878 1478 1935 etiam
1497 1877 1588 1949 ipsum
1608 1876 1636 1935 n

124 1969 411 2042 termenandum
423 1969 524 2040 judicio
536 1969 639 2036 venies,
652 1967 759 2038 quando
781 1975 907 2023 venturus
958 1967 1049 2025 lesum
1065 1968 1328 2040 alloquiturdicens:
1342 1968 1469 2044 Ecaurpe,
1484 1969 1636 2041 Durnium

118 2077 149 2119 es
160 2062 280 2132 iudicare
293 2064 368 2118 vivos
378 2071 406 2118 et
417 2070 546 2118 mortuos.
562 2059 670 2117 interim
685 2057 765 2116 modo
779 2057 906 2129 parcitur.
958 2059 1040 2117 εειεει
1053 2060 1139 2117 bomo
1155 2060 1278 2128 bomine,
1300 2062 1327 2117 in
1343 2076 1424 2120 carne
1446 2063 1537 2118 venire
1560 2062 1636 2135 digna

118 2154 187 2223 Qnid
201 2164 243 2213 est
255 2162 343 2211 antem
353 2152 444 2210 lossal
453 2153 517 2226 quid
528 2162 570 2210 εει
580 2151 783 2219 circumfodere,
794 2151 845 2207 nisi
857 2149 908 2207 bu·
960 2152 1076 2209 Verbum
1088 2167 1152 2209 caro
1166 2151 1261 2216 lactus,
1272 2152 1389 2210 Verbum
1408 2168 1488 2225 snper
1504 2167 1574 2223 nos,
1592 2166 1636 2211 cat

117 2245 257 2301 militatem
271 2253 299 2302 ει
309 2245 492 2317 penitentiam
504 2243 621 2301 doecre?
635 2243 717 2300 Fossa
729 2240 801 2299 enim
816 2240 906 2296 bnmi·
959 2259 1017 2311 nos,
1032 2245 1145 2302 l’crbum
1156 2259 1219 2301 erro
1231 2245 1301 2301 inter
1312 2245 1395 2301 lleum
1410 2254 1438 2303 ει
1445 2244 1582 2302 bominem
1597 2260 1636 2303 :r

118 2335 151 2393 lis
162 2344 232 2392 terra
246 2345 298 2393 est.
320 2335 468 2406 Grrpbinnm
480 2336 624 2401 stercoris,
639 2334 666 2390 in
685 2335 756 2390 bono
777 2332 905 2403 intellige.
958 2336 1030 2393 unde
1043 2337 1191 2393 nascereris
1202 2336 1350 2394 seeundum
1361 2351 1469 2394 mmern
1480 2335 1585 2409 elegisti
1595 2351 1635 2405 ,v

117 2427 217 2484 Sordes
230 2437 304 2497 sunt,
318 2427 366 2484 sed
380 2426 494 2484 lrnctum
508 2427 581 2487 dant.
596 2426 696 2485 Sordes
714 2424 843 2493 cultoris,
856 2423 907 2480 do·
959 2426 1149 2499 concipiendus
1165 2426 1300 2496 invenisti,
1312 2435 1389 2484 natus
1402 2427 1532 2499 virginem
1538 2424 1636 2499 veliqnl

119 2518 191 2575 iores
202 2527 265 2575 sunt
276 2519 432 2590 peccatoris.
446 2518 497 2587 Qui
509 2527 590 2591 aptum
603 2517 796 2589 poenitemiarn.
807 2516 835 2572 in
848 2530 906 2571 sor·
958 2531 1012 2573 non
1024 2517 1209 2590 agnoscebaris
1220 2517 1401 2589 zapparenae,
1422 2527 1450 2575 ει
1465 2517 1579 2575 latebas.
1596 2518 1636 2591 dp

118 2609 197 2665 dibus
209 2609 345 2680 apnntzsi
361 2618 448 2665 tamen
460 2608 618 2680 intelligant.
633 2617 660 2664 ει
670 2607 801 2663 veraciter
814 2613 904 2677 agant.
959 2607 1110 2676 infirmitas,
1125 2609 1223 2664 latebat
1241 2618 1367 2680 potestas.
1389 2607 1446 2666 lloc
1464 2617 1549 2665 totum
1569 2607 1636 2667 laetu

119 2701 556 2774 llnicerpoarbnridiennr:Apin
569 2698 906 2772 metiendam-appropin-
958 2699 1153 2770 utsanguinem
1166 2698 1300 2769 lnndcres,
1321 2697 1393 2771 prod
1414 2706 1456 2755 est
1476 2699 1593 2770 pretinm
1614 2714 1636 2757 n

116 2795 201 2866 poerit
211 2795 278 2848 eninr
289 2810 393 2866 veprium
404 2795 525 2849 celorum
539 2791 645 2866 (Metti.
656 2807 695 2857 tn,
706 2789 747 2862 2).
958 2789 1056 2846 Fecisti
1068 2798 1140 2845 latita
1152 2790 1295 2858 miracula,
1307 2790 1502 2848 valetudinibus
1519 2798 1636 2863 egrotos

152 2884 265 2942 celus
284 2883 315 2939 ΙΙ.
328 2912 365 2925 -
383 2884 410 2937 2.
430 2881 523 2938 llolier
537 2883 620 2939 decem
632 2891 656 2936 et
670 2891 727 2937 octo
740 2881 814 2936 enada
824 2880 851 2935 in
863 2881 907 2936 in·
958 2883 1068 2939 nitatem
1079 2882 1203 2948 tribuisti,
1216 2882 1342 2938 beneficia
1354 2881 1437 2938 multa
1451 2883 1619 2953 praestitisti,

118 2974 245 3045 firrnimtc.
283 2973 368 3029 llemo
398 2990 449 3028 non
471 2973 503 3029 de
534 2975 600 3038 sin,
625 2972 670 3028 sed
692 2972 724 3026 de
747 2971 829 3044 protis
857 2969 907 3026 Dri
958 2975 1020 3046 pisti
1030 2975 1098 3031 mala
1107 2975 1248 3046 probonis.
1260 2974 1461 3033 insultatumest
1471 2973 1636 3050 sibilabunt

118 3067 207 3121 mour.
231 3063 300 3134 Quid
318 3064 362 3119 illa
383 3064 478 3119 mulier
496 3063 588 3120 decem
598 3072 626 3118 ει
639 3071 699 3118 octo
711 3076 796 3118 annos
805 3060 907 3116 liabens
957 3066 1019 3123 (listi
1034 3084 1040 3120 :
1054 3067 1181 3137 agitatum
1192 3067 1477 3138 estantetecaputab
1488 3067 1591 3140 impiis,
1609 3076 1636 3127 ei

118 3156 145 3217 ln
165 3155 334 3211 infirmitate?
347 3154 401 3210 Sex
420 3153 514 3210 dicbus
534 3154 605 3209 bens
625 3151 736 3223 perfecit
753 3166 834 3222 opera
846 3166 905 3206 sua.
958 3166 1015 3225 esi,
1026 3156 1057 3214 st
1067 3156 1151 3214 Filia
1165 3157 1213 3213 Da·
1224 3175 1265 3225 a,
1274 3159 1397 3229 ameide
1409 3159 1442 3214 aa
1457 3175 1532 3214 m
1544 3158 1636 3232 (nard

118 3249 170 3305 'lor
183 3248 250 3313 seni,
261 3247 354 3304 decem
368 3255 395 3302 ει
402 3254 463 3300 octo
475 3245 584 3300 lacinnt.
592 3242 668 3311 Quod
679 3258 743 3314 crgo
750 3242 908 3312 signillenrit
958 3248 1014 3321 so).
1029 3248 1102 3306 lune
1113 3257 1140 3304 tn
1150 3248 1303 3319 perdideras
1320 3250 1476 3321 potentiam,
1490 3265 1524 3306 an
1538 3250 1630 3321 petiam

119 3341 261 3396 trienninm
280 3339 306 3393 in
321 3338 417 3394 arbore
429 3379 437 3404 ,
450 3336 502 3392 boc
513 3335 606 3392 decem
626 3344 655 3391 et
669 3343 731 3390 octo
744 3334 806 3388 annl
819 3333 845 3387 in
862 3332 906 3387 illa
958 3340 1063 3395 strabos
1082 3340 1248 3410 patientiam?
1255 3340 1288 3395 lit
1308 3349 1396 3396 tamen
1416 3341 1636 3399 illiinsultavernr

118 3428 239 3485 muliere.
255 3426 340 3483 Curva
360 3436 427 3492 erat,
448 3440 553 3482 sursum
572 3425 691 3494 aspicere
707 3438 760 3481 non
781 3431 905 3494 poterat:
960 3447 1020 3486 „ren
1033 3430 1070 3486 ιιιῑ
1080 3431 1230 3496 irriserunt,
1243 3438 1331 3487 umen
1342 3430 1380 3487 itti
1393 3438 1420 3487 ιε
1433 3431 1522 3487 poeisp
1535 3432 1616 3504 quat

117 3519 178 3592 qnia
190 3517 301 3576 Sursum
315 3532 370 3584 cnr,
381 3516 439 3573 sine
450 3530 530 3572 causa
541 3515 673 3572 audiebat.
683 3514 738 3572 Sed
751 3514 837 3571 evexit
847 3529 906 3569 earn
958 3520 1147 3576 discesserunt.
1156 3519 1481 3592 Ecceinsepolcrojaces:
1492 3519 1636 3595 Εεεετεε,1

117 3611 255 3668 llominns.
265 3610 315 3666 Est
321 3625 384 3681 crgo
390 3624 462 3680 spes,
471 3608 517 3664 sed
528 3608 742 3679 liliis,qnonspue
753 3607 842 3664 veniat
850 3606 907 3662 dies
959 3627 1010 3665 non
1022 3611 1155 3682 monetent
1164 3611 1249 3667 dome.
1260 3610 1318 3667 lion
1342 3610 1485 3682 praevaleat
1498 3611 1636 3683 impinsin

115 3702 219 3775 indicii.
240 3700 350 3756 llnltum
369 3700 418 3756 sibi
437 3698 483 3755 dat
504 3697 594 3753 bomo.
614 3697 647 3753 Et
668 3696 732 3768 quid
753 3705 796 3753 est
808 3694 908 3752 bomol
959 3715 1012 3755 non
1032 3700 1270 3770 praevalealetecns
1286 3699 1403 3756 iudeus.
1418 3701 1484 3757 Cum
1499 3703 1572 3758 enim
1585 3716 1636 3759 eru

117 3792 209 3850 lustns
228 3792 308 3849 bomo
329 3807 452 3864 magnum
476 3791 575 3862 aliquid
593 3798 634 3847 est
647 3790 737 3846 bomo.
751 3790 804 3847 Sed
818 3799 907 3846 nmen
959 3794 1008 3857 ris,
1030 3793 1201 3865 prevaluisse
1216 3792 1268 3850 sibi
1291 3794 1363 3849 uisus
1381 3803 1424 3849 est
1446 3793 1557 3851 ludaens
1575 3808 1636 3853 cao

116 3885 203 3954 lnstns
216 3883 306 3949 bomo,
321 3884 404 3952 gratia
418 3882 463 3937 liei
477 3891 520 3938 est
535 3882 622 3951 justus
641 3881 730 3936 bomo.
743 3880 820 3946 Nam,
839 3882 907 3948 Quid
958 3900 1044 3955 turpe,
1059 3883 1177 3953 Benene,
1191 3901 1241 3940 nort
1253 3884 1387 3954 proeonient
1399 3886 1484 3940 ieme.
1501 3884 1616 3944 Factum
1630 3902 1636 3943 t

118 3981 154 4027 eat
165 3973 240 4027 ionio
253 4015 261 4038 ,
274 3973 323 4027 nisi
335 3972 402 4042 quod
414 3988 509 4026 memor
522 3989 547 4027 es
561 3973 615 4044 ejus
630 3969 715 4044 (Pani.
730 3987 785 4039 vvir,
799 3971 847 4042 lili
861 3970 907 4026 llis
959 3975 1023 4029 nitro
1035 3973 1132 4029 lactum
1152 3983 1204 4030 est.
1223 3972 1258 4029 El
1272 3974 1335 4047 quid
1354 3985 1453 4045 restat,
1477 3976 1529 4031 nisi
1554 3985 1586 4032 nt
1605 3978 1636 4051 jv

118 4061 209 4117 videre
230 4061 293 4132 qnid
315 4070 356 4116 est
375 4060 473 4116 bomo?
495 4061 584 4116 Omnis
601 4059 676 4115 Ιιεεεε
690 4060 801 4116 utendos
820 4058 905 4131 (Pani.
958 4073 1043 4136 pentes
1054 4064 1082 4118 in
1094 4073 1228 4134 conspectu
1239 4066 1557 4134 tuolllesurvexitenim,
1574 4068 1636 4127 sicui

119 4169 183 4217 cxv,
199 4151 255 4225 ll).
268 4153 445 4219 cantavimus,
462 4152 595 4224 Excerpe,
610 4151 735 4218 benninc,
748 4168 799 4207 nort
808 4168 906 4224 prere-
958 4154 1077 4211 ascendit
1089 4155 1116 4209 in
1126 4154 1223 4210 coelum
1236 4170 1243 4209 :
1258 4155 1321 4212 inde
1330 4164 1459 4215 vetiturus
1476 4169 1519 4214 est
1530 4157 1636 4228 indicat

120 4245 169 4301 leot
180 4243 264 4298 domo.
280 4242 347 4311 Quid
361 4253 412 4308 est,
426 4260 476 4297 non
487 4243 620 4314 proeuoleut
630 4241 908 4312 tenrolllonnenpo-
958 4256 985 4302 ει
995 4253 1124 4302 mortuos.

119 4335 181 4391 stoli
196 4335 317 4390 homines
329 4335 423 4390 emitti
435 4335 664 4406 Nonnemartyres
678 4333 799 4389 homines
810 4336 906 4390 erant?
993 4334 1105 4392 Cdl’lll
1122 4333 1213 4390 lv.-
1224 4335 1251 4391 l.
1271 4336 1369 4392 ludicii
1386 4340 1483 4394 reneri
1496 4342 1624 4399 certitudo

119 4427 178 4498 lpse
189 4427 317 4483 llominns
331 4425 408 4482 lestis
425 4427 494 4481 Dens
512 4441 571 4482 esse
583 4440 636 4481 non
655 4424 804 4490 desistens,
826 4424 907 4481 bomo
958 4437 995 4482 tot
1006 4429 1064 4484 eliis
1077 4429 1292 4500 predictionibea.
1308 4428 1560 4500 deuteronomion
1574 4450 1608 4489 ee
1627 4450 1636 4490 t

119 4530 179 4573 esse
189 4516 312 4588 dignatus
325 4525 377 4572 est.
397 4514 465 4583 Qnid
475 4526 516 4571 est
532 4532 613 4586 crgo,
626 4515 759 4586 Excerpe,
781 4515 904 4583 llomine,
957 4519 1001 4572 sed
1013 4535 1044 4573 es
1057 4520 1195 4590 promeris.
1208 4520 1256 4575 Eia
1269 4521 1350 4576 arbor
1362 4521 1536 4594 infructuosa,
1553 4524 1636 4583 nond

118 4600 313 4681 nonproeoaleot
324 4609 422 4664 dromo?
438 4608 466 4665 Si
485 4608 572 4663 onmis
595 4606 676 4662 homo
694 4606 833 4662 mendax:
859 4622 906 4663 es·
957 4608 1018 4678 qnia
1030 4608 1149 4680 parcitur
1166 4610 1211 4666 tibi
1228 4627 1235 4664 z
1253 4610 1333 4665 dilata
1352 4621 1394 4668 cst
1402 4614 1518 4681 securis,
1544 4617 1600 4672 noli
1622 4632 1636 4676 ε

119 4718 210 4774 surge,
225 4704 333 4767 veritas,
349 4718 401 4757 non
412 4702 556 4773 prrcvaleat
566 4700 676 4756 salsitas.
690 4699 775 4755 Homo
792 4714 866 4770 ergo,
882 4701 905 4755 si
957 4716 1039 4768 cnra;
1062 4702 1163 4765 veniet,
1180 4711 1208 4758 ει
1219 4702 1408 4774 amputaberis.
1429 4704 1515 4764 Crede
1531 4710 1595 4780 piria
1622 4726 1636 4767 v

120 4795 177 4849 vult
190 4808 251 4850 esse
266 4793 365 4863 aliquid
387 4792 466 4859 boni,
482 4805 535 4846 non
551 4791 584 4845 sit
606 4789 640 4846 de
659 4804 708 4844 sno
734 4790 851 4860 pmpvio.
876 4789 904 4844 Si
957 4801 1007 4848 εει.
1024 4791 1074 4848 lsta
1096 4792 1184 4848 omnia
1205 4808 1265 4864 quie
1279 4793 1371 4862 vides,
1395 4811 1450 4852 non
1472 4809 1561 4855 erant.
1580 4800 1636 4858 Chr

118 4885 189 4940 enim
204 4884 239 4941 de
253 4898 302 4941 suo
312 4897 373 4939 esse
382 4883 503 4949 volucrit,
514 4879 627 4937 mendax
641 4880 700 4936 erit.
711 4877 739 4935 Si
753 4892 905 4935 veraxesse
957 4886 1211 4957 populustotoorbe
1230 4893 1361 4943 terrarum
1382 4889 1526 4961 aliqnando
1548 4908 1604 4950 non
1626 4908 1636 4951 ι

117 4975 232 5031 voluerit
243 4975 276 5030 de
288 4974 344 5043 Dei,
359 4989 412 5028 non
425 4971 460 5029 dc
470 4988 519 5028 suo
529 4972 588 5027 erit.
957 4977 1095 5049 prophetia
1105 4978 1253 5050 legebatur,
1269 4979 1295 5034 in
1307 4988 1377 5035 terra
1397 4998 1451 5037 nnn
1474 4983 1617 5042 uidebatur

154 5065 181 5120 3·
204 5063 342 5136 ΡιθΡΙιθῐω
354 5074 448 5129 reinna,
460 5071 487 5116 αἱ
500 5078 549 5118 '¹⁰¹¹
571 5062 705 5133 ismiel!
721 5061 806 5116 'wilw-
820 5062 901 5130 Eril).
957 5078 1086 5126 tutemet
1107 5070 1211 5141 legitur.
1234 5080 1262 5125 et
1278 5070 1392 5129 videtur.
1415 5072 1476 5143 lpsa
1502 5074 1627 5133 Ecclesia

117 5154 244 5226 Emisit,
260 5153 377 5221 Domine,
391 5170 441 5207 '¹⁰¹¹
453 5156 584 5223 widem
595 5152 678 5207 hm·
692 5152 805 5207 Tillium
821 5151 905 5206 '²¹¹¹st
957 5160 1096 5230 completa.
1112 5159 1169 5214 lion
1188 5161 1212 5216 ei
1225 5160 1325 5216 dictum
1337 5170 1389 5227 cst,
1400 5163 1465 5218 l'ide
1479 5163 1542 5229 lilia,
1555 5174 1584 5221 ει
1596 5182 1636 5222 εει

115 5247 283 5304 mendacium
296 5255 358 5302 ante
369 5245 506 5312 diluvium,
522 5254 550 5299 nt
565 5253 624 5315 post
638 5244 765 5300 dilnvium
779 5252 840 5299 octo
855 5244 903 5298 bo·
957 5251 1025 5306 Audi
1037 5261 1061 5306 ει
1075 5250 1130 5305 cide
1144 5249 1233 5322 (Prul.
1255 5266 1326 5318 xtrn,
1349 5253 1405 5326 ll).
1427 5253 1497 5309 llndl
1522 5256 1634 5325 prodier

116 5337 204 5393 mines
213 5338 404 5393 remansissent
417 5336 440 5408 (l
455 5334 525 5390 Petr.
538 5351 576 5400 nr,
592 5334 651 5407 20).
668 5338 717 5391 Per
739 5335 811 5406 ipsus
832 5341 903 5390 terra
957 5340 1098 5412 completa.
1123 5338 1262 5406 Quomodo
1284 5355 1366 5412 ergo,
1392 5342 1489 5401 lranes
1505 5345 1636 5404 cbarissin

120 5442 214 5486 rursus
223 5428 332 5500 impleta
342 5437 383 5486 cst
396 5427 547 5484 bominibus
559 5426 744 5494 mendacibus,
764 5423 904 5482 etelectus
956 5440 1014 5487 crat
1028 5438 1105 5485 natus
1115 5427 1237 5484 Clnristns
1250 5426 1284 5484 de
1293 5431 1406 5502 virgine,
1420 5436 1571 5506 promissus
1584 5446 1636 5504 εει1

958 5533 1001 5577 tus
1015 5529 1057 5577 est
1071 5537 1078 5574 :
1093 5532 1146 5573 non
1158 5516 1257 5572 lecerat
1275 5519 1418 5591 mirabilia,
1433 5526 1567 5605 promissa
1580 5538 1636 5585 snm

114 5618 194 5679 marn
204 5622 282 5677 roera
293 5625 444 5691 ingennus.
959 5614 994 5673 cit
1010 5631 1016 5669 :
1031 5609 1147 5671 nondum
1160 5617 1217 5666 erat
1231 5624 1335 5688 passus,
1348 5617 1511 5688 pmm‘ssnrn
1524 5631 1584 5691 ost,
1599 5629 1629 5681 ει

147 5561 155 5594 ¹
169 5569 233 5621 uss..
243 5560 334 5614 terete
344 5560 389 5614 iiii.
401 5568 428 5612 st
438 5562 472 5614 sic
483 5562 540 5614 alibi
551 5569 650 5615 veteres
660 5560 724 5626 libri,
736 5561 832 5626 quotics
841 5561 905 5615 bore
