3728 6276
54 293 89 350 ῃ
780 266 895 328 senno
912 265 959 325 ιι.
1647 276 1683 333 m

55 403 232 474 evangelicam
244 381 841 465 temnenonipse,sstgrauaueteamttto.
897 393 957 435 eam
982 395 1091 437 uerene
1117 381 1187 436 erit¹
1202 379 1380 441 lnlmetuosas
1400 385 1509 442 arbores
1529 398 1678 458 amputare,

54 496 119 551 lum
130 495 173 550 illa
182 490 368 547 meretritsoa
379 502 433 543 non
441 491 546 557 poterat
554 480 644 538 dicere
653 476 704 533 niti
716 480 843 546 peccata:
896 486 949 526 non
962 480 1048 528 cessat
1059 472 1212 539 admonere,
1227 487 1255 530 nt
1264 490 1323 531 cum
1341 485 1443 546 tempas
1455 487 1506 543 est,
1517 488 1544 533 et
1558 495 1618 534 curn
1634 481 1680 537 itai

52 587 151 643 dmum
162 594 252 640 autem
267 578 439 639 iocunditatis
455 575 564 633 etlieo.
579 572 665 629 Tanto
677 576 767 623 autem
786 579 844 620 am·
895 561 1028 631 adjutorio
1048 563 1179 620 innostra
1201 575 1330 635 potestate
1351 568 1490 634 consistit,
1511 569 1579 623 bona
1598 558 1679 641 opera

53 681 120 748 pirus
130 673 253 744 diligitur
261 670 350 743 gratia
361 667 498 744 donantis,
512 669 611 735 quanto
622 657 782 730 supplicium
797 653 845 710 de-
895 651 1032 709 iaciamus.
1044 654 1110 711 Cum
1124 656 1194 711 enim
1207 657 1341 714 transierit
1351 668 1453 730 tempas
1463 659 1530 715 bene
1541 663 1681 729 operandi,

52 767 174 823 amatur.
184 764 223 820 Et
233 763 304 820 διιιο
316 761 352 819 de
362 759 504 817 meretrice
516 754 644 811 llotninue
654 752 692 806 eit
705 767 712 804 τ
726 747 773 804 Cri
784 746 845 818 phr·
896 760 949 801 uun
970 755 1053 803 metat
1075 748 1125 803 nisi
1149 749 1302 820 reeipiendi.
1329 750 1411 806 Nemo
1433 752 1479 806 tihi
1500 752 1619 808 dietums
1638 762 1681 809 est

52 859 141 912 ’Μ
154 855 305 917 “mil“-
319 851 458 923 ΜΜ
469 844 635 917 ‘millam
649 841 764 908 nete).
778 837 846 894 ὓῑθῑ)
895 845 955 907 post
976 841 1193 896 resurrectionem
1217 852 1380 898 mortuorum
1394 843 1420 898 in
1433 858 1514 914 mgna
1522 844 1580 910 brai,
1591 845 1675 900 Frau-

32 961 111 1017 ’610
127 944 272 1017 ψωῑοῑῑιι
283 942 381 999 Paulus
396 957 404 996 ε
417 938 577 995 Fauianum
592 932 711 1007 mult·
724 929 753 984 t'e
764 928 846 983 medio
894 943 928 998 ga
941 929 1066 985 esurienti
1081 945 1175 1001 panem
1201 940 1291 997 tuum;
1315 934 1375 1003 qtria
1400 950 1452 988 nean
1471 935 1590 990 invenies
1614 949 1676 990 esu·

51 1048 169 1104 ιιιιηιιι,
180 1046 306 1106 mmm
316 1034 339 1090 ri
349 1030 525 1101 nunciarent
535 1026 602 1097 fiilos
612 1021 702 1094 ruos(i
713 1019 801 1076 tam.
813 1035 842 1085 u,
894 1021 1017 1076 rientem.
1040 1018 1123 1076 Nemo
1135 1020 1254 1077 dicturas
1268 1033 1326 1091 cst,
1342 1022 1412 1078 Vasti
1439 1023 1547 1088 nudum,
1564 1024 1607 1079 uhi
1618 1039 1680 1080 om·

51 1128 85 1201 7).
108 1125 167 1183 Setl
179 1139 248 1182 cnm
261 1121 295 1180 ad
305 1122 451 1194 periculum
464 1125 571 1174 uentum
585 1113 673 1179 luerit,
685 1126 739 1184 uuo
749 1125 845 1182 parun-
894 1113 967 1166 nium
991 1112 1078 1166 tunica
1100 1111 1284 1168 immortalitas
1303 1113 1362 1169 erit
1385 1112 1468 1170 Nemo
1492 1112 1610 1170 dicturus
1623 1124 1677 1182 est,

50 1219 321 1287 lusdiridatur,eum
333 1214 383 1272 sibi
396 1213 524 1268 honorem
537 1207 632 1265 laisum
643 1203 776 1262 simulatio
784 1202 845 1257 ritt-
894 1200 1006 1273 Suscipo
1028 1203 1194 1275 peregrinam
1212 1202 1287 1274 (lsai.
1309 1220 1388 1274 avita,
1405 1205 1450 1276 i),
1476 1205 1521 1261 uhi
1539 1221 1632 1262 omnes
1652 1206 1680 1261 tn

50 1311 131 1377 dicat,
155 1318 186 1366 et
206 1307 332 1365 scindere
353 1314 444 1376 parata
463 1311 505 1359 est
523 1299 671 1364 unitatem
692 1300 845 1352 mraenmat
895 1292 980 1364 patria
992 1309 1039 1348 sua
1051 1294 1150 1349 virent.
1172 1294 1238 1349 liam
1252 1294 1435 1351 modorumus
1457 1295 1519 1351 inde
1537 1296 1678 1367 peregrini.

51 1411 132 1457 Mer
145 1399 285 1456 hssnorem
304 1410 400 1458 thum·
415 1392 478 1448 dum
490 1389 573 1447 filium
590 1387 678 1443 rideat
695 1385 842 1456 integrum,
895 1383 979 1440 Nema
990 1384 1071 1451 dicet,
1081 1383 1164 1440 visita
1176 1400 1285 1455 aegrum,
1294 1383 1339 1440 ubi
1348 1395 1389 1441 est
1399 1385 1499 1441 sanitas
1508 1386 1678 1456 sempiterna.

52 1493 192 1562 urumque
216 1497 323 1553 serrem
338 1500 373 1541 ne
393 1484 460 1540 iorte
479 1495 539 1538 cam
557 1478 676 1536 debitum
696 1473 844 1532 uisceribus

52 1583 101 1639 sais
113 1581 251 1637 honorem
263 1574 423 1649 pertinacius
434 1571 566 1636 vindicat,
577 1568 624 1625 det
636 1569 721 1623 locum
734 1565 844 1621 simula·

56 1673 112 1729 tiaari
127 1687 179 1744 per
188 1669 352 1725 machaeram
364 1664 514 1722 schismatis
526 1661 628 1718 iniirma
643 1657 762 1715 membra
774 1655 844 1711 diri·

55 1766 120 1822 dete-
145 1764 228 1820 Dieat
250 1774 316 1831 crgo
336 1759 452 1814 charitas
470 1762 573 1822 mater,
594 1753 660 1807 Date
673 1750 713 1806 illi
726 1766 841 1823 puerum.

57 1856 109 1912 Sine
121 1853 272 1917 οιτιιιίιιιιι,
285 1851 337 1906 aive
348 1849 449 1904 rentem
465 1844 579 1901 Ciriattu
593 1842 755 1898 annuntietur
766 1838 843 1913 (Phi-

56 1947 110 2019 tp.
122 1962 144 2014 ι,
160 1944 221 2016 )8).
237 1943 267 1999 ln
289 1941 379 2014 lloyse
395 1938 511 1996 charitas
523 1936 635 2002 damet,
657 1933 780 1999 homine,
797 1941 842 1986 out

56 2043 147 2110 ψιια
160 2034 229 2099 iilis,
241 2043 287 2088 aut
296 2033 353 2087 dele
363 2047 402 2085 nte
415 2026 447 2085 de
456 2029 519 2083 libro
532 2036 575 2081 tuo
589 2023 685 2098 (Ecod.
696 2038 783 2087 xtra,
795 2022 840 2087 ὅ),

58 2128 104 2201 ll).
117 2127 148 2183 ln
162 2123 310 2182 Pharisaeis
323 2130 411 2178 autem
424 2117 558 2174 simulatio
575 2114 708 2186 loquitur,
721 2111 753 2167 Si
766 2112 841 2166 dinti-

58 2218 155 2273 muana
168 2230 230 2272 aas
242 2255 250 2282 ,
266 2213 367 2267 annunt
379 2208 509 2275 Ronmrti,
524 2216 548 2265 et
560 2205 651 2261 tollunt
663 2203 734 2258 nonu
745 2210 841 2274 geaeon

60 2307 170 2363 utrem
183 2305 277 2379 (loon.
287 2318 325 2370 xa,
340 2301 398 2372 ih).
411 2298 470 2356 uon
483 2297 554 2354 enim
568 2295 717 2358 toritatem.
732 2293 779 2349 sed
791 2307 841 2348 no·

61 2394 253 2452 nenrolehant
265 2388 500 2461 baberejmtitiac,
523 2394 551 2443 et
572 2384 702 2441 honorem
723 2382 840 2439 debitum

60 2486 126 2559 istis
137 2500 188 2558 per
199 2483 333 2540 fallaciam
347 2491 438 2537 tenere
450 2477 600 2551 cupiebant.
616 2475 716 2531 Tamen
728 2488 842 2545 regnans

62 2577 143 2635 ineis
164 2574 305 2632 simulatio
327 2569 479 2629 catiredram
499 2567 582 2640 lioysi
600 2566 695 2623 sedere
713 2564 842 2637 permissa

62 2678 103 2737 rat,
115 2676 147 2724 ut
159 2667 214 2724 diei
228 2672 320 2737 posset
332 2678 348 2718 a
362 2662 493 2729 homino,
509 2659 572 2726 Qua
584 2658 680 2725 dicunt,
692 2658 768 2730 {amu
775 2671 787 2722 ,ι
797 2655 843 2712 red

63 2774 107 2830 pa
117 2759 237 2829 [ιαἰιιιι,
251 2760 337 2829 soene
347 2752 425 2809 nolite
436 2750 541 2825 (licui.
553 2764 639 2814 xxttt,
652 2749 691 2820 b).
707 2747 743 2805 Ut
757 2747 842 2803 hono·

63 2867 109 2908 ren
128 2850 228 2908 ialsam
248 2847 388 2914 hahentes,
408 2843 518 2900 ueritate
540 2850 629 2897 tamen
646 2840 842 2912 Scriptamrum

10 2934 12 2969 ³
63 2941 178 3011 parrulos
191 2939 367 3008 infirmosque
380 2934 519 2990 nutrirent.
532 2931 671 2989 simulatio
681 2931 752 2986 enim
764 2944 842 2986 saram

63 3030 132 3089 labet
140 3031 244 3094 scelus,
255 3043 310 3099 (pm
320 3041 418 3082 novum
429 3024 574 3090 bominem,
584 3037 663 3093 quern
675 3036 723 3091 per
732 3021 843 3092 gratiam

64 3121 176 3178 ιιιιιιιίι
190 3125 348 3189 acceperat,
365 3114 482 3189 pondere
494 3129 550 3169 snae
562 3112 727 3168 dormitionis
739 3111 843 3166 exstin-

64 3214 112 3268 tit:
125 3211 175 3268 sed
185 3213 228 3267 lae
241 3208 302 3264 [idei
312 3207 384 3279 quod
397 3206 485 3272 babet,
498 3220 552 3260 non
561 3203 675 3273 estejus.
687 3203 753 3271 Quia
763 3204 842 3258 etiam

66 3312 147 3359 arato
156 3300 284 3375 paruulo,
296 3297 341 3368 qui
353 3303 534 3352 renascentem
544 3294 625 3348 uitam
636 3292 776 3362 signifieat,
786 3293 842 3362 jam

67 3393 171 3449 ianalis
186 3389 308 3446 moribus
321 3385 453 3443 simulatio
466 3383 627 3448 constituta,
643 3383 741 3436 retinet
753 3390 842 3437 tamen

67 3482 234 3551 nne-oria,
247 3490 372 3550 tanquam
385 3478 412 3533 in
425 3475 561 3541 uberibus,
572 3475 653 3531 uerba
668 3474 726 3529 idei
741 3474 842 3529 doctri·

66 3589 169 3646 ungue
182 3572 374 3638 christianam,
388 3584 447 3639 quae
459 3568 582 3624 omnibus
594 3566 627 3620 ad
643 3565 785 3621 Ecclesiam
798 3579 844 3618 re·

894 1475 979 1532 Nemo
992 1474 1072 1542 dicet,
1083 1475 1171 1547 Sepcii
1184 1485 1328 1543 mortuum,
1341 1477 1387 1533 ubi
1403 1493 1476 1534 mors
1489 1478 1610 1534 moritur.
1627 1478 1678 1536 lsta

893 1567 982 1620 omnia
1003 1566 1107 1635 pietatis
1129 1565 1218 1622 oiiicia
1239 1567 1265 1621 in
1284 1567 1338 1623 rita
1351 1576 1449 1623 aeteram
1464 1571 1613 1626 necessaria
1626 1585 1678 1625 noa

894 1665 982 1721 erunt,
997 1656 1042 1711 ulti
1056 1656 1112 1711 sola
1122 1671 1173 1727 pax
1185 1657 1237 1713 erit
1250 1667 1277 1713 et
1288 1657 1377 1712 laetitia
1395 1659 1567 1730 sempiterna.
1582 1659 1611 1715 ln
1624 1659 1677 1717 isto

893 1755 982 1801 autem
996 1756 1135 1817 tempore,
1156 1757 1185 1803 ut
1205 1749 1358 1805 noverimus
1374 1757 1501 1821 qttantum
1516 1751 1591 1808 nohis
1602 1766 1679 1808 oom-

895 1838 1004 1893 mendat
1017 1838 1090 1895 heus
1098 1854 1179 1910 opera
1190 1839 1389 1906 misericordiae,
1400 1843 1479 1896 etiam
1490 1841 1562 1912 ipsos
1572 1851 1679 1901 sanctus

893 1941 956 1982 suos
967 1940 1046 1998 egere
1057 1926 1137 1995 iocit;
1152 1937 1180 1983 ut
1191 1943 1251 1984 cnm
1261 1929 1327 1984 liunt
1339 1929 1382 1986 hic
1394 1930 1471 1986 amici
1481 1929 1515 1987 de
1527 1947 1678 1988 mammona

892 2018 1057 2088 iniquitatis,
1073 2019 1203 2090 recipiant
1220 2029 1248 2076 et
1265 2020 1316 2091 ipsi
1334 2021 1434 2077 amicos
1453 2035 1517 2077 suos
1537 2021 1564 2078 in
1576 2032 1677 2079 mter-m

892 2108 1059 2167 tahemacula
1072 2109 1148 2180 (Lac.
1165 2126 1222 2179 ιιι,
1235 2110 1264 2184 9)
1279 2129 1287 2165 :
1302 2111 1391 2179 idest,
1406 2121 1435 2168 ut
1448 2128 1509 2169 carn
1522 2113 1606 2170 serris
1619 2115 1677 2181 ilai,

893 2199 937 2269 qai
951 2199 1012 2254 dum
1029 2200 1128 2270 jugiter
1139 2201 1193 2255 lleo
1212 2210 1321 2268 vacarit,
1335 2202 1475 2271 aliquoties
1490 2203 1624 2274 indigent,
1639 2204 1677 2259 illi

892 2291 937 2360 qni
950 2290 1047 2346 habent
1060 2292 1151 2347 mandi
1164 2292 1285 2358 divitias,
1308 2292 1502 2365 eleemosynam
1521 2295 1676 2368 largiuntur,

893 2381 1025 2452 quomodo
1044 2398 1091 2438 eos
1111 2383 1255 2454 participes
1276 2384 1375 2440 iaciunt
1387 2385 1414 2441 in
1437 2395 1540 2442 terrena
1555 2388 1679 2445 substan-

892 2473 946 2539 tia,
969 2473 1008 2527 sic
1027 2489 1087 2528 cum
1108 2475 1160 2530 illis
1178 2486 1278 2545 partem
1299 2475 1399 2532 habere
1416 2488 1570 2535 mereantur
1582 2481 1610 2537 ia
1624 2482 1677 2538 uita

891 2571 991 2619 telerna
1006 2567 1028 2617 ¹.

927 2652 954 2707 2.
969 2652 1083 2708 sitnm
1095 2671 1229 2726 pauperent
1240 2656 1342 2711 uiduam
1355 2659 1550 2729 pascendarum
1559 2660 1676 2716 mittitur.

894 2742 1018 2800 aarum
1030 2744 1099 2800 Deru
1111 2747 1235 2817 mornado
1251 2748 1407 2819 isnellipitur.
1427 2750 1483 2805 lloe
1497 2750 1551 2807 diri
1570 2760 1678 2824 propter

892 2834 1033 2890 lectionem
1048 2835 1217 2906 Regnorum,
1231 2851 1311 2909 quam
1322 2839 1408 2908 primo
1419 2839 1576 2897 audivimus.
1597 2841 1679 2898 Num·

892 2927 956 2997 quid
970 2928 1039 2984 heus
1062 2927 1195 2984 deiecerat
1220 2943 1330 2998 pascere
1351 2944 1455 2985 servtrm
1478 2945 1554 2986 saum
1574 2932 1679 2988 Eliami

893 3018 987 3075 Nonne
996 3020 1044 3086 iili,
1057 3021 1117 3091 qutia
1128 3017 1377 3087 deeranthomines,
1391 3022 1466 3078 alites
1479 3024 1679 3080 ministrabantl

893 3111 989 3168 Nonne
1001 3113 1037 3167 illi
1047 3127 1142 3181 panem
1156 3111 1283 3168 afferebat
1294 3128 1391 3169 corvus
1404 3131 1491 3183 mane,
1503 3115 1571 3172 etad
1586 3131 1680 3187 respe-

894 3217 951 3257 ram
967 3206 1080 3258 carnosi
1099 3203 1220 3258 Ostendit
1233 3219 1297 3274 ergo
1311 3204 1382 3260 Deus
1395 3205 1455 3274 quia
1469 3205 1539 3263 unde
1553 3206 1677 3275 uoluerit,

893 3303 921 3349 et
932 3295 1066 3365 quomodo
1078 3295 1204 3363 voluerit,
1220 3304 1307 3364 potest
1324 3311 1433 3366 pascere
1448 3313 1540 3354 servos
1554 3314 1616 3355 sttos
1630 3317 1637 3352 ι
1652 3311 1680 3356 et

894 3393 981 3440 tamen
996 3394 1026 3439 ut
1047 3394 1137 3455 posset
1149 3400 1215 3452 ,cum
1236 3386 1358 3456 religiosa
1373 3385 1451 3441 vidua
1470 3403 1593 3458 pascere,
1617 3389 1680 3446 iecit

893 3492 955 3532 eum
973 3492 1062 3547 egere.
1090 3477 1200 3546 Egestas
1213 3477 1309 3532 animae
1324 3485 1424 3533 sanctae
1445 3477 1471 3533 in
1491 3476 1678 3535 abundantiam

893 3583 969 3623 uersa
981 3577 1023 3623 est
1031 3566 1127 3620 animae
1136 3566 1277 3636 religiose.
1288 3565 1345 3621 Non
1356 3574 1460 3637 poterat
1470 3567 1541 3623 Elias
1552 3568 1587 3624 dc
1597 3569 1680 3625 mise·

67 3665 190 3722 ιίιιιὶιιιι
204 3661 328 3720 traditam.
342 3660 383 3715 Ex
405 3659 457 3715 isto
475 3658 543 3714 lacte
557 3666 661 3728 peterat
679 3657 758 3711 ctiam
777 3654 843 3713 laisa
894 3658 1005 3714 ricordia
1020 3657 1067 3712 liei
1079 3657 1142 3712 dare
1154 3657 1205 3712 sibi
1217 3697 1225 3723 ,
1239 3655 1309 3727 quod
1321 3656 1467 3727 tagnnentae
1480 3656 1568 3714 dediti
1579 3658 1680 3715 Videtis

68 3764 139 3811 nater
150 3768 224 3811 verae
244 3760 333 3807 tamen
347 3748 409 3805 [idei
427 3762 536 3805 succum
553 3747 656 3818 sugenti
676 3747 787 3817 parvulo
799 3748 842 3802 in·
894 3763 999 3817 nempe,
1013 3754 1041 3802 et
1052 3739 1222 3802 manifestum
1239 3753 1296 3814 est,
1308 3746 1378 3817 quod
1393 3746 1534 3817 aliquando
1547 3749 1617 3805 servi
1632 3750 1680 3807 liei

68 3844 176 3900 bendere.
197 3841 263 3899 lnds
281 3855 376 3896 secura
389 3848 432 3895 est
445 3853 506 3894 tera
520 3846 624 3904 mater,
647 3851 707 3893 cnm
727 3838 806 3892 ctiam
827 3852 843 3894 a
895 3838 955 3892 ideo
966 3851 1018 3892 rron
1037 3838 1135 3897 habent
1146 3876 1154 3904 ,
1167 3845 1196 3892 ut
1207 3838 1354 3908 probentur
1364 3839 1411 3908 qui
1421 3838 1528 3895 habent.
1543 3840 1577 3896 Et
1590 3850 1680 3899 umen

69 3935 258 3993 sudatoribus
277 3933 306 3989 in
328 3931 448 3987 Ecclesia
469 3932 593 4001 parvulus
614 3929 672 4000 ejas
694 3930 843 3986 diuinarum
895 3930 938 3985 ilia
963 3929 1041 3984 ridna
1065 3929 1130 3985 nihil
1154 3929 1288 3986 habebat:
1306 3929 1378 4000 quod
1399 3931 1437 3986 ilii
1458 3931 1590 4004 reliquum
1610 3945 1679 4002 erat,

69 4024 254 4097 impurarum
264 4022 403 4078 catholicae
414 4021 474 4078 ildei
488 4022 556 4078 laete
570 4023 695 4090 nutritur,
709 4038 769 4078 eum
783 4037 844 4092 pro-
894 4019 998 4074 unitum
1013 4018 1118 4084 iuerat,
1132 4028 1231 4074 etcum
1244 4019 1299 4075 suis
1316 4021 1378 4075 liliis
1391 4020 1521 4076 moritura
1532 4030 1598 4078 erat.
1613 4023 1680 4080 Pro·

69 4115 137 4172 lubita
150 4115 285 4173 divisione
297 4113 386 4170 unius
403 4113 476 4169 salsa
488 4122 548 4180 est,
563 4123 590 4169 et
603 4113 734 4169 sententia
745 4114 844 4191 judicis
894 4113 1054 4183 cessitergo,
1065 4121 1094 4166 at
1104 4111 1204 4167 iaceret
1216 4111 1266 4167 sibi
1278 4126 1383 4182 panem,
1394 4112 1521 4184 colligere
1529 4113 1583 4170 dno
1591 4115 1679 4187 ligna:

69 4206 159 4275 iluna,
172 4220 227 4278 aaa
240 4204 363 4260 ahimam
374 4199 472 4258 Christi
484 4202 614 4274 judicium
627 4190 763 4275 liguratur,
779 4219 843 4274 pro·
894 4212 922 4259 et
935 4213 996 4258 tmm
1008 4217 1067 4258 eam
1079 4201 1145 4256 uidit
1157 4201 1239 4256 Elias.
1253 4201 1327 4257 Tunc
1339 4217 1399 4258 eam
1411 4202 1491 4258 bomo
1505 4204 1551 4259 hei
1562 4205 1679 4274 uidebat,

68 4296 118 4354 bata
129 4296 266 4363 charitas,
279 4310 338 4366 qam
353 4302 462 4365 propter
473 4295 586 4351 salutm
600 4295 701 4365 paruuli
713 4304 741 4352 et
754 4297 843 4351 anita-
896 4292 1000 4364 quando
1021 4293 1065 4347 iila
1086 4292 1140 4347 duo
1164 4292 1233 4362 ligna
1255 4292 1401 4363 quaerebat.
1425 4293 1522 4349 ltalier
1532 4294 1578 4351 illa
1589 4304 1680 4369 typum

70 4386 298 4446 t’nirmamentum
309 4385 389 4441 etiam
401 4384 562 4441 simulationi
572 4384 701 4441 honorem
713 4387 804 4454 cessit,
815 4395 845 4443 ut
894 4383 1003 4455 gerebat
1015 4381 1142 4437 Ecclesiae
1156 4397 1163 4434 ι
1178 4382 1276 4453 etquis
1289 4380 1343 4438 duo
1357 4381 1426 4453 ligna
1445 4397 1550 4440 cmcem
1570 4383 1680 4452 iaciant,

69 4491 175 4536 nerem
189 4487 286 4534 uncas
300 4476 523 4549 mmplexamque
545 4477 632 4532 uitalis
648 4478 740 4548 gratiae
751 4518 759 4545 ‚
772 4492 843 4534 sem
894 4475 1029 4545 auaermat
1039 4475 1178 4539 moritura,
1188 4475 1370 4544 andesempcr
1379 4482 1450 4530 esset
1461 4475 1570 4532 victura.
1582 4476 1682 4534 ddum·

70 4568 161 4637 ιιιιιιιο
172 4567 228 4643 piat
239 4566 334 4624 marris
343 4567 452 4637 praemio
464 4567 623 4638 perimatur.
895 4567 973 4622 bruto
985 4580 1049 4637 ergo
1062 4565 1206 4638 mysterio,
1222 4566 1294 4622 Elias
1305 4566 1420 4638 loquitur
1431 4567 1464 4624 ad
1480 4583 1539 4625 eam
1550 4571 1620 4640 quod
1632 4586 1681 4626 ιιι-

318 4677 433 4736 smo
449 4678 486 4735 ῃ
500 4682 509 4707 ι
522 4677 575 4752 (α).
895 4657 961 4713 divit
976 4677 983 4714 :
997 4667 1087 4713 narmt
1104 4658 1148 4713 illa
1160 4656 1359 4727 dispositionem
1372 4673 1462 4728 suant,
1482 4662 1636 4718 morituram
1649 4679 1680 4720 so

248 4770 288 4827 p,
301 4769 362 4827 gg,
376 4779 401 4826 a
416 4770 493 4827 gg„
504 4769 657 4841 gamm
895 4749 969 4814 dicit,
978 4764 1038 4805 cum
1046 4749 1267 4805 consummaverit
1276 4749 1345 4821 qttod
1358 4755 1493 4808 remansit.
1504 4752 1554 4811 Ubi
1564 4762 1606 4810 est
1615 4769 1681 4825 crgo

100 4865 123 4921 l.
136 4864 223 4937 om
238 4863 338 4935 metatis
351 4877 418 4917 nunc
432 4860 549 4933 temporis
561 4858 844 4916 exurenda.pnmtnug
896 4840 967 4914 quod
978 4841 1104 4898 nominas
1111 4841 1213 4897 dixerat
1225 4841 1301 4910 Eliae,
1315 4841 1384 4898 Vade
1396 4844 1539 4915 insumpta
1548 4845 1680 4914 sidonia,-

73 4951 133 5010 [ιη
143 4951 240 5012 ,Μ’
246 4954 340 5009 „013ss
350 4952 466 5022 ,laquem
476 4958 596 5007 „pggmm
607 4950 705 5022 perpe,
720 4950 845 5007 morem
895 4933 931 4986 iii
943 4931 1009 4986 enim
1022 4932 1139 4985 mandari
1152 4931 1252 5000 aidum,
1267 4941 1294 4988 ut
1308 4942 1393 5002 paseat
1409 4935 1452 4988 te?
1474 4933 1574 4990 Videtis
1586 4950 1679 5006 quem·

76 5043 207 5103 mm
227 5059 304 5101 ,um
320 5044 489 5114 ,mmmm
504 5039 844 5112 guum‚qg2mgpfflegum
897 5021 1038 5078 admodum
1055 5022 1164 5077 mandat
1181 5024 1268 5091 heus,
1283 5039 1337 5079 non
1351 5024 1376 5078 in
1391 5040 1472 5089 artrc,
1488 5024 1535 5079 scd
1549 5025 1575 5079 in
1588 5026 1679 5082 corde.

76 5132 477 5205 dearberibussais,aotequam
490 5131 843 5204 tempusseearisadreniat,
901 5145 1094 5222 ,membmajm
1104 5150 1385 5207 emmerami
1445 5150 1498 5212 ejus
1507 5152 1681 5205 mmmm.
1739 5128 1740 5132 ’

901 5207 972 5258 «deli
990 5208 1108 5259 dinstone
1124 5207 1252 5271 lanientur,
1265 5210 1297 5260 de
1307 5210 1362 5260 cath
1394 5211 1587 5264 risdescerulere
1600 5212 1681 5266 lormi-

902 5268 1026 5319 adamus?
1037 5277 1084 5318 etc.
1093 5277 1149 5318 uam
1160 5283 1207 5332 qua
1216 5270 1295 5322 ironis
1306 5273 1331 5321 la
1341 5271 1421 5321 bruno
1439 5271 1528 5323 saecttlo
1539 5276 1681 5348 marimum

902 5347 914 5378 ι
923 5331 1037 5380 athristo
1053 5332 1205 5392 sperabimus
1214 5333 1339 5393 honorem,
1350 5334 1371 5382 si
1381 5333 1533 5385 autumnas
1544 5349 1568 5387 ua
1579 5337 1624 5387 hoc
1633 5352 1680 5388 sar·

903 5391 979 5442 seruo
990 5399 1073 5442 nostor
1084 5393 1159 5442 honor
1168 5394 1269 5456 impedit
1278 5394 1435 5446 unitatoml»

931 5477 940 5508 ¹
953 5482 1016 5533 tres,
1026 5486 1066 5523 cm
1076 5486 1170 5526 necare
1180 5475 1235 5526 erit.

931 5537 988 5586 ¹sic
997 5535 1087 5598 aliquot
1098 5544 1149 5586 uss.
1162 5536 1204 5586 atti
1220 5551 1279 5588 vero
1289 5551 1343 5589 cum
1354 5539 1439 5600 editis,
1450 5545 1476 5590 ut
1487 5553 1541 5591 nnn
1555 5553 1616 5594 snat
1636 5551 1682 5595 m

899 5598 1270 5714 amam
1283 5600 1405 5668 ιιι
1414 5601 1576 5669 ι
1576 5636 1623 5654 ·····
1634 5617 1684 5656 ..

75 5246 206 5296 minoda
214 5244 327 5296 melosae
335 5256 395 5309 paee
405 5243 531 5316 deponere
541 5243 625 5306 gmau,
636 5243 744 5316 smibant
751 5242 780 5292 ad
788 5248 847 5315 trar-

75 5305 529 5381 oeiliatnreolhtioniscnrtbagmeasm
546 5306 744 5379 mutuomttsus
759 5304 847 5391 habitae

101 5513 134 5577 (ι)
144 5514 210 5577 tiu,
220 5516 250 5567 iil
259 5518 323 5569 inter
332 5513 449 5567 nernllias
455 5515 497 5567 ih.

79 5596 550 5713 n't'etoegrasmiaitaddaoseidaos
566 5611 611 5651 rm
635 5605 663 5650 et
681 5595 766 5661 adgr.
785 5606 807 5647 r.
823 5609 848 5647 r.

1711 5778 1730 5821 h
