3728 6276
205 215 273 271 tatu

205 328 311 385 ianturl
322 327 407 395 Quam
420 325 507 382 securi
520 329 546 381 in
559 325 682 391 Domino,
694 334 721 380 et
731 337 810 394 quarn
825 323 931 378 sublimi
943 322 991 375 ho-

204 434 270 476 nore
282 419 439 489 gloriantur,
454 417 513 487 quis
526 426 631 473 terreno
645 414 742 471 docere
755 414 840 485 possit
851 413 990 483 exemptor

238 527 353 587 CAPUT
367 527 399 583 l.
411 557 449 570 -
460 527 488 583 5.
504 525 625 581 Felicem
636 535 777 596 martyrum
788 524 841 578 atie
852 533 919 587 nnn,
938 523 991 577 atie

206 631 262 691 port
274 621 488 674 resurrectionem.
505 619 538 674 Et
550 619 608 674 hec
621 617 727 689 quidem
741 617 805 683 rita,
826 631 905 687 quam
921 631 991 670 nunc

204 712 276 767 beati
289 722 418 782 martyres
432 711 540 777 babent,
554 711 738 780 quamvisjam
752 709 831 764 nullis
842 709 926 779 possit
940 723 990 764 sae-

203 803 257 858 culi
276 802 355 873 liujus
375 802 542 859 felicitatibus
564 802 606 858 vel
627 803 798 858 suavitatibus
820 803 988 871 comparari,

203 909 284 966 parva
299 896 426 965 particula
440 896 622 966 promissionis
635 895 731 966 agitur,
746 896 799 950 imo
812 894 934 948 solatium
946 894 989 948 di-

203 983 319 1039 lationis.
334 983 427 1040 Veniet
439 995 526 1040 autem
541 986 724 1041 retributionis
735 984 809 1051 dies,
830 984 874 1038 ubi
892 997 988 1052 eorpo-

203 1075 277 1130 ribus
289 1076 410 1143 redditis,
421 1085 493 1132 totus
506 1076 585 1132 bomo
596 1077 706 1146 recipiat
719 1075 788 1145 quod
801 1083 927 1130 meretur.
938 1074 989 1130 llbi

203 1172 230 1220 et
244 1166 315 1219 illius
327 1165 417 1222 divitis
430 1167 619 1237 membraque
631 1166 763 1248 quondam
777 1166 914 1236 temporali
929 1181 989 1235 pur·

202 1271 267 1326 pura
281 1257 486 1322 decorabantur,
504 1268 605 1314 aeterno
626 1258 686 1328 igne
707 1268 867 1322 torreantur,
887 1266 989 1314 otctro

201 1349 325 1420 pauperis
336 1349 449 1404 ulcerosi
460 1358 559 1404 murata
571 1351 762 1420 iuterdngelos
775 1350 885 1419 fulgeat:
896 1363 989 1420 quam·

201 1441 243 1495 ris
254 1443 334 1496 etiam
349 1457 420 1497 nuno
439 1442 483 1498 ille
499 1450 600 1513 guttam
619 1457 654 1497 ex
673 1442 756 1513 digito
778 1444 901 1514 pauperis
919 1443 988 1513 apud

200 1528 300 1585 inferos
314 1532 395 1595 sitiat,
411 1539 437 1586 et
450 1532 494 1587 ille
510 1533 535 1586 in
550 1534 609 1587 sinu
621 1532 685 1601 justi
700 1533 824 1587 deliciose
839 1533 989 1602 requiescat

201 1621 277 1692 (bac.
292 1637 348 1688 ιιι,
363 1622 566 1694 f9·2l).·Siout
579 1627 649 1679 enim
663 1624 805 1694 plurimum
818 1624 899 1679 distat
919 1626 989 1680 iuter

200 1712 306 1767 laetitias
320 1715 475 1770 miseriasve
497 1714 685 1771 somniantium
703 1715 929 1786 evigilantium
951 1717 988 1771 ita

202 1804 314 1858 multum
334 1805 446 1859 intereat
465 1805 535 1861 inter
547 1814 677 1860 tormenta
691 1806 732 1861 vel
753 1806 847 1877 gaudia
866 1814 987 1862 mortuo·

199 1908 259 1949 rum
275 1905 302 1950 et
316 1898 525 1967 resurgentium:
537 1912 590 1952 nou
601 1898 671 1967 quod
682 1897 790 1967 spiritus
800 1896 986 1953 defuncturum

199 1985 268 2042 sicut
281 1986 468 2043 dormientium
482 2003 592 2045 necesse
606 1988 640 2044 sit
654 1989 707 2044 falli
717 2005 725 2054 ;
737 1988 784 2044 sed
798 1988 869 2059 quod
881 1990 933 2043 alia
946 1996 988 2045 est

199 2082 347 2136 animarum
370 2084 429 2138 sine
451 2083 514 2139 ullis
535 2083 692 2152 corporibus
712 2083 829 2154 requies,
853 2084 903 2138 alia
925 2097 986 2138 cum

197 2175 354 2244 corporibus
366 2175 521 2232 coelestihus
531 2176 637 2232 claritas
648 2184 676 2231 et
689 2175 799 2231 felicitas
813 2177 985 2248 Angelorum,

198 2267 296 2337 quihus
309 2268 458 2338 equabitur
468 2270 662 2340 resurgentium
685 2269 826 2325 multitudo
847 2269 985 2326 fidelium:

104 2416 108 2423 ,
198 2356 226 2412 in
245 2374 296 2428 qua
311 2358 493 2430 gloriosissimi
507 2368 639 2432 martyres
660 2362 792 2429 precipua
813 2361 854 2417 sui
877 2360 987 2417 honoris

197 2446 258 2504 luce
269 2447 416 2519 fulgebunt,
427 2450 537 2519 ipsaque
547 2464 659 2518 corpora
669 2451 695 2504 in
706 2450 802 2520 quihus
813 2450 918 2521 indigna
932 2459 985 2505 tar·

196 2547 286 2593 menta
306 2541 426 2610 perpessi
439 2548 518 2605 sunt,
541 2540 580 2596 eis
593 2539 671 2608 digna
692 2540 719 2596 in
743 2551 900 2598 ornamenta
923 2558 985 2598 ver·

197 2636 297 2684 lentur.

231 2717 344 2776 CAPUT
362 2718 403 2774 vt.
417 2750 452 2761 -
465 2720 491 2777 b.
509 2719 686 2777 Solemnitetrs
701 2734 853 2794 martyrum,
864 2738 914 2792 quo
926 2724 984 2777 oni-

196 2823 237 2863 nto
250 2807 415 2864 resonate
430 2809 556 2881 lfortgres
570 2812 720 2866 nommetur
732 2799 791 2876 nos,
807 2829 837 2867 ac
851 2822 985 2882 mnonter

198 2914 245 2969 pro
258 2899 339 2954 nebia
354 2898 431 2956 linde
443 2900 628 2958 solemnitates
642 2917 753 2970 eonem,
772 2904 842 2959 sieut
861 2902 983 2969 facimus,

197 2989 369 3045 devotissime
383 2991 558 3057 celebremus,
575 2993 663 3048 sobria
675 2992 816 3059 hilaritate,
833 3003 906 3049 casta
918 3008 984 3049 con·

195 3082 361 3152 gregatione,
383 3082 452 3138 fideli
472 3084 647 3153 cogitatione,
670 3083 761 3139 ddenti
783 3084 982 3154 predicatione.

196 3171 256 3231 Non
269 3189 348 3244 parva
361 3189 423 3245 pars
435 3176 589 3231 imitationis
602 3185 654 3240 est,
665 3177 804 3233 meliorum
817 3178 984 3249 congaudere

195 3264 348 3319 uirtutibus.
364 3263 403 3322 llll
419 3267 517 3337 magni,
536 3281 586 3323 nos
600 3268 694 3337 parvi:
713 3268 760 3324 sed
776 3268 911 3325 benedixit
933 3270 984 3323 be-

195 3355 284 3411 minus
295 3355 406 3424 pusillos
419 3371 479 3410 curn
495 3357 596 3428 magnis
607 3357 693 3428 (Psoi.
708 3373 782 3422 arur,
798 3359 854 3430 fd).
867 3359 985 3416 Preces-

196 3456 305 3514 serunt,
328 3449 562 3516 preeminuerunr.
581 3445 610 3505 Si
631 3463 678 3504 eoa
697 3451 772 3521 sequi
790 3465 843 3505 uoti
865 3451 984 3508 valemus

196 3546 274 3605 actu,
292 3553 435 3609 sequamur
448 3539 543 3595 affectu
556 3540 597 3595 :si
612 3555 665 3595 uon
678 3540 772 3612 gloria,
787 3549 859 3597 certe
872 3542 962 3598 letitia
975 3559 982 3595 ε

195 3627 220 3684 si
234 3643 286 3684 non
306 3630 418 3696 rneritis,
438 3630 528 3685 votis:
552 3629 576 3685 si
589 3646 644 3685 non
658 3630 799 3701 passione,
819 3633 982 3703 compassio-

195 3733 231 3775 ne
243 3736 250 3774 ι
262 3719 285 3773 si
297 3734 349 3775 non
363 3719 529 3788 excelientia,
543 3721 718 3776 connexione.
728 3718 787 3776 Non
798 3722 876 3777 uobis
890 3737 982 3792 parum

195 3811 317 3868 rideatur
328 3811 398 3883 quod
410 3812 468 3881 ejus
480 3810 600 3883 corporis
613 3811 731 3868 membra
751 3828 854 3880 surmus,
870 3813 946 3883 cujus
957 3823 984 3869 et

196 3902 248 3967 liii,
262 3902 360 3973 quibus
372 3903 530 3973 equiperari
545 3918 598 3959 non
613 3919 763 3975 possumus.
780 3903 847 3970 Quia
863 3905 885 3959 ri
905 3921 984 3960 enam

196 3993 334 4048 numbram
358 3996 462 4063 potitur,
484 3997 670 4066 compatiuntur
692 3997 777 4051 omniu
797 3998 927 4052 membre:
947 3999 983 4051 ite

196 4099 253 4137 mot
273 4084 429 4155 glorificatur
446 4102 525 4139 unam
545 4086 695 4153 menbrum,
719 4088 877 4158 congaudent
897 4090 982 4143 omnia

196 4173 306 4228 membre
319 4175 328 4244 (
341 4175 349 4228 l
362 4174 421 4232 dor.
434 4191 483 4244 ιιι,
496 4174 531 4231 ab
540 4178 560 4249 ).
573 4175 662 4232 Gloria
677 4178 766 4248 capiti,
781 4177 851 4232 unde
865 4179 981 4233 oonsuli-

197 4272 241 4319 tur
252 4273 280 4320 et
292 4265 473 4335 superioribus
485 4265 616 4334 manibus,
629 4276 656 4322 et
668 4267 766 4323 infimis
777 4267 898 4339 pedihus.
909 4267 983 4324 Sicut

196 4354 243 4410 ilie
254 4371 322 4412 unus
335 4357 450 4412 animam
461 4372 536 4413 suam
551 4371 600 4428 pro
614 4358 691 4414 nobis
704 4359 792 4429 posuit
809 4377 816 4413 :
835 4359 871 4414 ita
885 4368 912 4414 et
924 4359 982 4415 inri-

195 4445 244 4502 tati
258 4456 319 4503 suut
332 4456 474 4520 martyres,
485 4458 513 4504 et
529 4448 633 4504 animus
646 4463 708 4504 suas
727 4464 776 4520 pro
793 4447 920 4505 fratribus
933 4464 981 4520 po-

194 4548 316 4607 suerunt,
334 4550 414 4612 atque
434 4549 465 4596 ut
486 4540 537 4596 ista
558 4541 713 4612 populorum
738 4551 862 4612 tauquam
883 4544 981 4613 germi-

195 4645 260 4688 num
274 4632 456 4702 copiosissima
472 4631 593 4688 fertilitas
607 4644 737 4704 surgeret,
750 4641 848 4690 terram
860 4648 909 4690 suo
920 4649 980 4689 san·

192 4723 275 4793 guiue
285 4722 468 4794 irrigaverunt.
481 4724 593 4780 Fructus
603 4724 700 4780 laboris
709 4740 774 4795 ergo
784 4725 889 4782 illorum
901 4726 981 4782 etiarn

818 211 848 267 S.
868 207 1049 267 AUGUSTle
1067 207 1216 266 aeisuoer

1762 219 1822 276 titt

1043 336 1102 376 xnur
1115 321 1284 389 charitatem,
1298 323 1472 397 eamdemque
1490 327 1678 400 amplectimur
1693 331 1821 389 unitatem.

1153 471 1160 481 -
1245 439 1360 495 senua
1378 442 1549 499 cccxxxi·
1565 444 1618 516 (a).

1118 531 1144 577 iu
1158 527 1232 578 hatall
1247 538 1377 593 murrum
1391 539 1518 595 Perpetua
1534 541 1561 585 et
1574 533 1716 597 rebdtmts,
1731 550 1757 586 ιι.

1076 607 1190 668 CAPUT
1222 611 1365 668 PRIMUM.
1397 644 1434 656 —
1469 614 1550 671 l.1n
1576 615 1709 687 Perpetua
1730 627 1755 673 et
1777 618 1823 675 te-

1042 700 1136 754 licitute
1168 699 1283 757 Clarium
1317 704 1433 760 inuictus.
1463 705 1587 778 Refulgct
1616 718 1645 765 et
1676 712 1824 780 praeeminet

1042 790 1111 845 inter
1123 793 1235 849 comites
1246 803 1376 866 martyres
1397 806 1424 852 et
1436 794 1560 854 meritum
1574 808 1603 855 et
1614 815 1715 858 nornen
1735 802 1824 874 Perpe-

1042 889 1093 936 tua*
1115 890 1142 937 et
1154 881 1313 950 Felicitatis,
1335 897 1485 942 sanctarum
1501 888 1548 945 bei
1572 888 1746 947 famularum.
1765 893 1824 949 Nam

1040 971 1077 1026 ibi
1090 983 1131 1028 est
1145 988 1243 1030 corona
1256 976 1404 1047 gloriosior,
1428 978 1472 1033 ubi
1496 994 1575 1036 sexus
1595 981 1741 1039 infirmior.
1765 983 1824 1052 Quia

1041 1064 1160 1134 profecto
1173 1066 1256 1122 virilis
1269 1069 1374 1124 animus
1388 1068 1414 1123 in
1429 1068 1542 1126 feminas
1559 1071 1648 1141 maius
1665 1074 1767 1145 aliquid
1788 1074 1824 1131 le·

1040 1155 1087 1220 cit,
1099 1154 1206 1225 quaudo
1218 1157 1270 1212 sub
1280 1166 1354 1212 tauto
1368 1158 1485 1228 pondere
1499 1159 1628 1232 fragilitas
1639 1161 1759 1221 feminea
1777 1181 1823 1222 oon

1040 1243 1146 1301 defecit.
1165 1247 1237 1304 Bene
1250 1248 1410 1304 inhaeserant
1428 1251 1473 1305 uni
1493 1253 1563 1319 viro,
1588 1253 1633 1309 cui
1656 1256 1734 1327 uirgo
1760 1269 1823 1313 cana

1041 1336 1119 1390 unica
1133 1335 1273 1392 exhibetur
1286 1338 1447 1408 Ecclesialll
1460 1339 1521 1398 Cor.
1538 1357 1584 1410 ar,
1609 1342 1650 1416 Ξ).
1675 1346 1766 1412 Beue,
1786 1349 1823 1402 in·

1039 1442 1130 1498 quam,
1144 1428 1306 1485 inhaeserant
1320 1429 1360 1486 ilfi
1373 1431 1440 1501 viru,
1451 1448 1466 1487 a
1476 1449 1529 1505 quo
1542 1435 1669 1492 virtutem
1684 1446 1821 1504 traxerant,

1039 1535 1092 1591 qua
1109 1522 1266 1579 resisterent
1284 1523 1390 1581 diaholo
1416 1544 1424 1581 :
1446 1535 1474 1581 ut
1499 1526 1606 1585 feminae
1630 1540 1822 1599 prosternerent

1038 1611 1185 1682 inimicum,
1201 1615 1246 1685 qui
1257 1631 1305 1685 per
1318 1615 1443 1672 feminam
1465 1629 1647 1689 prostraverat
1664 1623 1766 1679 rtrum.
1782 1624 1821 1682 ttte

1039 1702 1066 1757 iu
1079 1704 1118 1760 eis
1126 1709 1252 1776 apparuit
1261 1707 1384 1775 invictus,
1399 1709 1445 1779 qui
1460 1724 1509 1779 pro
1529 1711 1569 1766 eis
1582 1711 1671 1768 faetus
1692 1723 1737 1769 est
1760 1715 1822 1770 inir-

1038 1808 1107 1849 mus.
1125 1793 1173 1850 ille
1188 1811 1235 1852 eas
1257 1807 1286 1851 ut
1299 1807 1423 1864 meteret,
1444 1798 1597 1856 fortitudine
1619 1802 1763 1872 implente
1784 1807 1821 1875 qui

1037 1902 1083 1942 eas
1098 1891 1257 1957 seminaret,
1279 1892 1451 1961 semetipsum
1470 1895 1626 1951 exinanivit.
1656 1897 1708 1954 ille
1733 1914 1777 1954 eas
1793 1901 1820 1955 ad

1039 1977 1088 2034 hos
1102 1981 1218 2037 honores
1228 1982 1371 2054 laudesque
1382 1983 1520 2054 perduxit,
1534 1988 1577 2057 qui
1593 2003 1643 2058 pro
1663 1990 1706 2045 eis
1730 2005 1818 2060 oppre

1038 2068 1095 2125 hria
1111 2079 1139 2125 et
1152 2070 1263 2126 erimina
1275 2074 1387 2129 audivit.
1400 2074 1445 2131 llle
1459 2075 1521 2131 feeit
1541 2076 1656 2136 feminas
1676 2082 1787 2137 viriliter
1798 2092 1822 2137 et

1040 2160 1155 2217 fideliter
1167 2163 1247 2228 uiuri,
1258 2166 1302 2234 qui
1318 2181 1366 2235 pro
1380 2167 1419 2222 eis
1431 2167 1553 2239 dgnatus
1564 2181 1607 2226 est
1617 2171 1652 2227 de
1665 2171 1766 2229 femina
1779 2176 1820 2229 mi·

1037 2251 1205 2308 sericorditer
1220 2256 1303 2309 nasei.

1072 2343 1185 2402 CAPUT
1204 2344 1225 2400 ll
1238 2376 1274 2387 -
1282 2347 1311 2400 θ.
1327 2346 1459 2418 Perpetua
1470 2353 1573 2407 victoria
1583 2354 1617 2409 de
1628 2354 1743 2410 diabole
1752 2357 1821 2413 bete

1036 2444 1091 2492 ctat
1101 2447 1188 2492 autem
1204 2439 1272 2509 piorn
1288 2450 1404 2497 mentem
1420 2443 1472 2498 tale
1489 2445 1673 2514 spectaculum
1685 2451 1822 2512 eorrtueri,

1037 2528 1117 2598 quale
1130 2528 1181 2584 sibi
1196 2530 1272 2584 becvta
1287 2531 1419 2602 Perpetua
1433 2533 1506 2590 deso
1523 2535 1581 2605 ipsa
1603 2537 1754 2594 revelatum
1770 2554 1823 2595 esse

1037 2620 1164 2685 trarravit,
1181 2621 1267 2676 virum
1282 2638 1312 2679 se
1321 2622 1416 2679 factam
1433 2633 1549 2680 certasse
1561 2640 1625 2682 eum
1642 2627 1763 2686 diaholo.
1781 2629 1823 2685 lilo

1036 2711 1133 2780 quippe
1145 2715 1290 2769 certamine
1302 2715 1328 2769 in
1342 2716 1428 2770 uirum
1442 2716 1587 2785 perfectum
1597 2720 1682 2774 etiam
1699 2721 1757 2791 ipsa
1766 2737 1822 2777 cur·

1035 2801 1119 2863 rebat.
1133 2801 1160 2856 iu
1172 2818 1323 2860 mensuram
1336 2810 1422 2861 etatis
1430 2807 1602 2877 plenitudinis
1608 2805 1710 2866 Christi
1723 2810 1821 2884 (Epicu.

1035 2905 1076 2960 tv,
1091 2893 1148 2964 fd).
1164 2893 1258 2951 llerlto
1269 2895 1314 2951 ille
1330 2904 1408 2951 vetus
1423 2911 1455 2952 ac
1473 2906 1608 2953 veterator
1623 2900 1769 2968 inimicus,
1793 2917 1823 2958 ae

1035 2981 1103 3039 ullas
1117 2985 1399 3054 praeteriretinsidias,
1410 2988 1455 3059 qui
1474 3002 1523 3059 per
1533 2987 1663 3047 feminam
1686 2991 1823 3065 deceperat

1036 3072 1134 3142 virum,
1148 3074 1208 3145 quia
1221 3075 1334 3131 viriliter
1345 3092 1437 3134 secum
1452 3088 1574 3149 agentern
1588 3080 1720 3139 feminam
1735 3086 1820 3149 sensit,

1036 3178 1084 3235 per
1093 3165 1180 3222 uirum
1191 3163 1250 3224 em
1264 3183 1393 3240 superare
1407 3173 1527 3227 tentarit.
1544 3171 1602 3230 fiee
1616 3175 1746 3232 maritum
1764 3193 1822 3249 snp-

1035 3256 1133 3325 posuit,
1147 3272 1181 3312 ne
1195 3258 1239 3313 illa
1249 3275 1309 3329 qua
1320 3260 1375 3329 jam
1389 3276 1504 3332 superna
1516 3264 1679 3335 cogitatione
1693 3268 1822 3324 babiubat

1035 3347 1062 3403 in
1082 3349 1168 3414 eoelis,
1186 3351 1365 3420 suspicionem
1387 3353 1511 3412 desiderii
1528 3357 1619 3413 earnis
1642 3360 1822 3418 emhesceudo

1035 3448 1205 3508 permaneret
1226 3441 1336 3508 fortior;
1359 3444 1406 3499 sed
1428 3455 1531 3515 patrem
1552 3448 1644 3505 verbis
1661 3449 1821 3522 deceptionis

1035 3529 1175 3595 instruxit,
1191 3539 1219 3585 ut
1240 3532 1379 3603 religiosus
1392 3535 1507 3602 animus,
1527 3537 1573 3608 qui
1596 3553 1652 3594 non
1677 3543 1820 3599 molliretur

1034 3621 1178 3690 voluptatis
1191 3623 1337 3689 instinctu,
1352 3625 1458 3696 pietatis
1470 3628 1568 3698 impetu
1580 3628 1760 3704 frangeretur.
1775 3635 1819 3692 libi

1034 3721 1126 3768 sancta
1145 3714 1275 3786 Perpetua
1295 3724 1365 3772 tanta
1382 3720 1450 3788 patri
1469 3720 1654 3780 moderatione
1676 3729 1817 3798 respoudit.

1033 3813 1064 3860 ut
1078 3820 1127 3861 nec
1137 3816 1298 3877 preceptum
1312 3808 1431 3877 violaret,
1446 3827 1498 3882 quo
1507 3812 1620 3871 debetur
1632 3816 1721 3874 honor
1732 3834 1819 3890 pareu-

1034 3895 1115 3964 tibus,
1126 3912 1176 3953 nec
1187 3896 1380 3968 doliseederet,
1389 3902 1484 3972 quihus
1497 3904 1576 3960 altior
1582 3904 1620 3978 (i)
1626 3909 1728 3979 agebat
1739 3911 1818 3966 inimi·

1034 3998 1091 4040 cus.
1109 3985 1159 4055 Qui
1183 3988 1299 4060 undique
1320 4001 1469 4063 superatus,
1498 3995 1621 4052 eumdem
1646 4011 1751 4069 patrem
1767 4002 1818 4072 ejus

1035 4075 1107 4148 virga
1121 4079 1222 4148 percuti
1233 4080 1312 4146 lecit;
1328 4091 1357 4137 ut
1367 4083 1444 4154 eujus
1457 4086 1537 4141 rerba
1552 4099 1763 4162 contempserat,
1774 4094 1819 4149 sai-

1035 4177 1089 4225 tem
1104 4172 1212 4228 verbera
1222 4175 1386 4232 condoleret.
1401 4176 1441 4234 lhi
1452 4195 1514 4235 vero
1527 4181 1615 4238 doluit
1629 4185 1675 4240 illa
1687 4188 1762 4244 senis
1776 4203 1817 4256 pa·

1034 4261 1116 4317 tentis
1130 4262 1271 4332 iniuriam3
1285 4276 1313 4323 et
1325 4268 1368 4323 cui
1383 4283 1435 4323 non
1448 4271 1558 4339 praebuit
1569 4287 1724 4345 assensum,
1737 4293 1816 4335 serra·

1034 4350 1072 4406 vit
1085 4351 1219 4409 affectum.
1232 4353 1331 4412 Oderat
1341 4359 1439 4430 quippe
1453 4361 1479 4415 in
1495 4361 1541 4417 illo
1553 4364 1706 4437 stultitiam,
1719 4384 1770 4425 nort
1779 4385 1819 4424 oa·

1034 4451 1121 4498 turam
1131 4461 1138 4507 ;
1149 4454 1177 4499 et
1188 4446 1246 4516 ejus
1255 4447 1447 4515 infidelitatem,
1463 4468 1516 4508 non
1529 4457 1661 4527 originem
1671 4475 1757 4517 auam
1769 4462 1817 4516 tta·

1032 4531 1091 4601 jore
1103 4534 1181 4603 igitur
1193 4536 1277 4606 gloria
1292 4547 1345 4593 tam
1357 4540 1483 4597 dilectum
1504 4554 1605 4614 patrem
1628 4551 1701 4607 male
1711 4552 1816 4608 suma·

1034 4633 1087 4680 tem
1100 4624 1204 4683 fortiter
1220 4630 1333 4699 repulit,
1358 4648 1438 4702 quern
1460 4637 1630 4707 vapulantem
1655 4642 1747 4700 ridere
1768 4645 1817 4699 sine

1034 4730 1150 4772 moerore
1164 4732 1216 4774 non
1228 4721 1321 4789 potuit.
1333 4720 1448 4781 Proinde
1458 4735 1485 4782 et
1493 4727 1571 4783 dolor
1580 4730 1626 4786 ille
1638 4734 1706 4789 nibil
1716 4736 1817 4792 retraxi

69 5489 73 5498 .
192 5446 824 5524 eidemborninoparemue,eurndemmagistrum
834 5457 978 5526 sequimur,

193 4827 245 4867 nos
259 4828 360 4868 surmus.
374 4814 500 4869 lliramur
519 4830 576 4880 eos,
598 4816 757 4870 miserantur
777 4830 835 4887 nos.
857 4815 981 4872 Gratula-
1035 4805 1125 4862 1⁰¹l⁰ff
1137 4805 1313 4880 s⁰f¹i⁰¹d5¹¹l⁸s
1327 4822 1356 4868 0¹
1378 4814 1477 4886 illinit!
1499 4818 1601 4877 eddidit
1614 4821 1739 4881 laudibus
1764 4841 1816 4896 pat·

194 4919 256 4959 mur
270 4905 319 4968 eis,
335 4915 475 4974 precantur
492 4920 541 4975 pro
561 4907 648 4962 nohis.
671 4906 712 4961 llli
733 4921 844 4975 corpora
857 4923 904 4963 sua
923 4917 983 4963 tan-
1034 4897 1128 4954 sionis.
1141 4899 1310 4973 diligentibus
1321 4905 1393 4960 enim
1407 4905 1489 4962 fleam
1506 4911 1590 4966 monia
1607 4925 1775 4987 cooperate
1792 4917 1814 4971 ir

194 4976 274 5065 quarn
289 4996 444 5050 vestimenta
463 5003 630 5057 straverunt,
650 5012 711 5051 curn
732 4997 819 5068 pullus
840 4998 980 5054 Dourinutn
1033 4984 1125 5042 tonum
1139 4989 1225 5061 (ΒΜ
1239 5008 1295 5059 virt,
1310 4991 1367 5067 28).

152 5141 155 5149 ,
194 5093 305 5156 portans
326 5087 353 5140 in
371 5086 518 5143 ierusalem
539 5088 699 5144 duceretur:
722 5105 770 5144 nos
791 5089 885 5146 saltem
909 5091 982 5147 velut
1070 5079 1182 5137 CAPUT
1202 5079 1296 5138 HL·-
1313 5086 1339 5141 5·
1360 5085 1501 5145 Feft'ct'fsslft
1516 5102 1605 5161 im·
1623 5105 1649 5151 tf
1666 5109 1813 5172 mntem

194 5192 284 5234 nenos
299 5178 333 5234 de
346 5179 484 5235 arboribus
498 5181 649 5245 cedentes,
670 5182 704 5237 de
722 5185 864 5253 bcrtpturis
882 5185 982 5241 canella
1032 5168 1159 5225 F⁰¹³⁰¹¹²⁸
1170 5187 1236 5228 '0¹⁰
1247 5176 1327 5231 emm
1343 5177 1370 5233 5¹¹
1384 5195 1491 5237 calcem
1500 5198 1641 5255 Pffflflnfflss
1654 5188 1712 5244 fun·
1722 5189 1750 5244 ¹¹¹
1759 5204 1813 5262 W·

195 5267 318 5340 hymnos*
333 5270 474 5341 laudesque
493 5271 678 5341 decerpimus,
704 5288 770 5341 quas
793 5274 818 5329 in
841 5290 981 5332 commune
1035 5263 1157 5320 turiendo
1168 5263 1312 5323 femineam
1325 5271 1504 5329 conditionem
1519 5275 1634 5334 feminea
1652 5296 1717 5337 voce
1730 5290 1812 5337 testae

193 5358 318 5428 gaudium
334 5358 498 5429 proferamus
512 5361 617 5434 (Metti.
631 5379 687 5429 xxt,
701 5362 766 5434 7-9).
781 5363 879 5420 Omnes
892 5375 979 5422 tamen
1035 5364 1085 5410 ⁰⁸¹·
1100 5354 1158 5411 N⁰¹¹
1172 5355 1267 5414 ²¹¹0f⁸⁸
1288 5360 1350 5415 ΕΜ
1363 5377 1460 5432 ltoem.
1482 5368 1530 5422 sed
1549 5369 1646 5426 aderat
1658 5371 1747 5428 traria
1762 5388 1810 5444 gra·

1062 5466 1352 5530 'cmdgauaadomnes
1371 5480 1424 5524 tres.
1446 5476 1709 5535 accederemus
1727 5494 1808 5545 prm

192 5538 316 5594 eumdem
328 5542 471 5613 principem
482 5544 649 5611 comitamur,
660 5545 745 5600 eidem
753 5547 834 5616 capiti
844 5548 980 5618 subjungi·
1031 5524 1099 5651 ⁶⁰⁰2}
1110 5527 1180 5650 m}
1192 5527 1338 5646 ffiffis
1349 5594 1402 5646 ιω.

192 5642 263 5693 mur.
276 5628 310 5684 ad
322 5630 441 5687 mmdcm
453 5631 600 5690 Jerusalem
612 5637 753 5701 teudinus.
764 5639 885 5695 eamdem
895 5649 980 5698 secta·
999 5626 1009 5648 ⁶
1062 5589 1102 5704 fil
1118 5657 1196 5702 rorte.
1211 5653 1311 5707 astutior
