3728 6276
210 241 278 298 «ιιι
824 228 855 285 s.
875 226 1059 286 rocosum
1078 228 1231 291 uersuum
1773 255 1839 313 m,

210 368 246 415 tut
259 352 371 413 fideles?
384 356 434 412 dlii
454 354 515 410 mali
530 360 679 417 serrantur,
691 359 719 406 ut
734 349 797 407 boui
810 349 872 406 inde
886 363 998 405 nascan-
1050 359 1090 407 tes
1104 364 1131 409 et
1140 354 1262 414 immutes
1274 357 1397 417 homiues
1409 360 1436 416 iu
1450 361 1500 418 ista
1514 362 1579 421 talea
1590 374 1620 423 et
1630 364 1788 439 decepture
1801 370 1836 428 te.

210 461 263 506 tor.
280 451 346 506 Doni
369 448 452 520 gratia
471 446 519 503 Dei
538 463 545 499 ι
565 460 626 500 nam
648 451 701 498 tuta
713 441 837 498 damnata
856 449 898 497 est
910 454 997 497 massa
1050 440 1150 500 licitate
1163 485 1171 514 ,
1182 447 1204 502 si
1218 447 1255 518 pii
1269 450 1351 520 estis,
1364 451 1468 521 dolete;
1489 452 1589 513 slsaai
1602 459 1688 526 estis,
1700 457 1773 518 dete.
1794 461 1834 520 ste

210 543 321 616 pcccati.
335 541 402 613 Quid
418 539 524 596 diabulo
540 535 669 607 nequiusl
682 544 709 592 et
736 534 770 591 de
788 534 859 590 illius
879 530 997 603 nequitia
1048 534 1161 594 enimet
1175 537 1275 596 illecui
1289 544 1596 619 commutisuutpedes,
1611 551 1834 623 magam,

208 646 305 708 quante
321 633 389 688 buna
409 631 470 689 lecit
490 631 582 686 beust
601 628 659 685 Nou
677 626 830 684 laudaretur
843 640 891 698 pru
913 623 997 680 salute
1049 624 1206 696 quiaDeum
1230 643 1345 702 eruperat
1362 649 1505 706 mcusara,
1525 639 1601 696 etibi
1620 640 1678 711 jem
1701 654 1780 711 0:223
1792 648 1834 704 ,gg

209 736 298 783 nostra
312 725 419 796 sanguis
437 722 642 793 Redemptoris,
656 719 707 777 uisi
721 736 767 792 per
786 717 929 789 nequitiam
947 713 996 770 de*
1047 725 1117 787 pene
1128 715 1195 788 luit,
1207 721 1286 790 paulo
1298 724 1386 782 minus
1404 724 1463 782 luit.
1480 726 1539 784 Nou
1551 732 1662 801 negarit
1678 733 1739 792 Dee
1753 735 1834 793 adep.

207 816 329 875 serturis.
344 815 413 886 Lege
425 814 607 885 Euangelium,
621 821 646 867 et
658 810 720 866 virle
744 810 806 881 quid
821 810 856 865 ibi
869 807 996 878 scriptam
1048 805 1194 865 tiamraed
1218 819 1340 883 tauquam
1353 815 1558 890 motispedibus
1576 822 1694 878 uuurit.
1716 823 1833 893 eriderr

207 922 249 968 est
262 928 270 965 r
284 908 392 964 lmnriait
405 907 520 961 diabatae
531 907 557 959 in
566 922 609 959 eur
618 901 704 969 iada,
716 915 742 957 at
753 903 861 958 traderet
870 900 997 958 Cbriatam
1048 900 1160 956 nutare?
1173 901 1308 961 Dubitare.
1320 905 1431 975 Quando
1441 905 1529 966 edm
1538 912 1831 988 „mmmmm

209 1000 305 1074 (duan.
321 1015 379 1065 xrtr,
392 998 410 1053 Ξ
421 999 440 1068 ).
454 997 538 1054 Mutua
553 995 681 1058 diabolus,
696 995 780 1048 mulus
791 993 894 1049 iudas:
910 990 996 1060 qualis
1047 1002 1203 1049 correctum
1216 1009 1269 1049 nuu
1279 993 1451 1069 babuit,quid
1461 999 1544 1056 diritl
1555 1000 1647 1071 Quare
1658 1004 1727 1061 mibi
1739 1007 1830 1063 turbati

208 1090 373 1162 organarius,
390 1088 441 1144 tale
452 1101 591 1159 organum.
605 1083 675 1142 Usus
688 1094 729 1140 est
745 1099 807 1155 ergu
822 1083 890 1137 male
902 1080 996 1137 diabo-
1047 1090 1110 1137 sttnt
1121 1083 1221 1153 pedes?
1234 1085 1301 1152 Quia
1313 1088 1403 1157 alati,
1412 1089 1540 1160 iuquit,irr
1552 1094 1739 1164 memorien,
1750 1113 1829 1168 ,m

206 1184 249 1240 lus
263 1196 312 1237 suu
326 1195 410 1237 rese:
428 1193 491 1234 usus
507 1187 548 1232 est
569 1174 698 1232 ambobus
712 1174 837 1230 Dominus
850 1173 929 1229 benc.
944 1171 997 1226 Co-
1045 1181 1205 1243 peccatorum
1218 1175 1489 1250 attentendum,
1498 1182 1662 1254 b-lilQuia
1674 1185 1733 1243 ridi
1746 1187 1831 1244 diriter

204 1275 261 1350 pati
278 1283 339 1329 suut
358 1286 422 1343 ergo
435 1270 467 1327 ad
480 1278 597 1325 nostram
611 1267 753 1339 perniciem
769 1284 776 1322 ι
793 1265 865 1323 Deus
876 1266 996 1322 bacter-
1047 1259 1168 1332 iniquos,
1183 1265 1285 1330 zelari:
1301 1276 1329 1324 et
1345 1269 1399 1326 dixi
1411 1271 1473 1343 quia
1489 1273 1590 1343 perdidi
1597 1275 1830 1346 gestamme„

206 1375 263 1421 tere
277 1364 452 1434 dignatusest
465 1360 499 1415 ad
513 1368 630 1414 nostram
641 1358 763 1412 sulutem.
1046 1353 1267 1425 caatujartifiaari
1281 1375 1325 1414 ror
1335 1376 1428 1428 meam,
1446 1372 1469 1418 et
1485 1362 1535 1418 lari
1546 1365 1613 1422 iuter
1624 1367 1773 1426 inanem„
1783 1389 1830 1424 η.

241 1457 268 1513 5.
284 1454 400 1510 Traditio
414 1452 506 1508 Clariati
515 1460 539 1506 et
550 1467 567 1504 a
579 1448 649 1504 tuda
663 1458 686 1504 et
699 1464 715 1501 a
730 1448 793 1503 Deo.
808 1448 928 1506 Tradidit
947 1450 994 1509 lu.
1047 1456 1096 1496 ttttt
1106 1459 1184 1500 areat.
1198 1445 1302 1506 Etcum
1324 1449 1430 1518 dubito,
1452 1453 1492 1510 sic
1511 1456 1580 1528 copi
1592 1472 1770 1530 cognoscem,
1791 1463 1829 1518 sig

206 1546 255 1603 dus
265 1545 412 1611 Christum,
428 1552 454 1598 et
467 1541 607 1597 damnatus
621 1547 671 1596 est.
685 1538 767 1594 ludus
783 1539 898 1609 tradidit,
906 1551 933 1598 et
946 1543 993 1602 dx·
1046 1534 1122 1604 coept',
1143 1535 1245 1610 inqutt,
1262 1556 1412 1614 cognoscere
1422 1561 1433 1601 :
1445 1545 1493 1601 boc
1505 1547 1577 1604 tatur
1591 1559 1632 1606 eat
1643 1561 1704 1608 arata
1716 1569 1766 1609 aaa.
1776 1547 1828 1611 'llx-

169 1664 171 1668 ·
207 1645 314 1693 mnatur
328 1653 335 1689 ε
351 1633 458 1690 tmdidit
471 1632 566 1687 Filium
591 1630 679 1697 Pater,
696 1629 908 1700 etglorrlicatur.
924 1633 992 1691 Tra.
1045 1639 1115 1696 gnus
1140 1627 1226 1697 labor,
1240 1632 1317 1689 istam
1339 1636 1444 1694 soluere
1460 1640 1646 1710 quaestionem.
1671 1644 1742 1702 Vere
1763 1647 1829 1705 labor

205 1727 290 1794 didit,
303 1727 409 1796 iuquam
421 1764 428 1789 ,
439 1721 522 1778 iudas
535 1723 701 1792 magistrum,
715 1730 741 1775 et
760 1719 920 1778 damnatur:
934 1735 991 1781 tru-
1046 1720 1441 1794 est.1teneestittt,etmatus
1453 1738 1510 1798 αις
1520 1731 1592 1789 nate
1603 1735 1717 1805 estilli,
1740 1740 1769 1793 et
1785 1738 1826 1794 bo·

204 1818 272 1875 didit
290 1831 320 1872 se
343 1817 400 1885 ipse
425 1812 527 1879 Filius,
549 1820 576 1867 et
596 1810 729 1865 laudatur.
751 1810 890 1879 Quomodo
909 1814 994 1874 ludas
1046 1824 1097 1866 uus
1111 1823 1151 1868 est
1168 1828 1175 1867 r
1190 1816 1415 1885 etsuperambos
1432 1819 1593 1892 DeuajuDex
1601 1835 1657 1882 eat.
1671 1825 1827 1901 Justaaerga

207 1906 318 1965 tradidit
338 1904 490 1968 Christum,
504 1916 598 1958 omues
614 1901 993 1971 novimustexspectatislur·
1043 1899 1261 1972 jadexdatbona
1274 1908 1407 1974 malis,et
1420 1912 1489 1966 mala
1501 1911 1588 1973 boob.
1608 1916 1697 1974 Dalm
1719 1929 1756 1976 ext
1777 1931 1826 1976 nu

207 2007 287 2063 lassis
309 2003 402 2060 audire
426 2001 559 2074 quomodo
587 2002 666 2059 Pater
699 2001 806 2059 tradidit
826 2000 932 2056 Filium.
960 1999 994 2055 Ει
1045 2010 1094 2049 me·
1109 1994 1564 2070 SedqoousquelaborestlDorraa
1587 2008 1756 2067 inerme„
1774 2029 1825 2068 m.

203 2098 256 2156 buc
290 2097 392 2153 nostis:
408 2094 456 2154 sed
479 2095 711 2160 commemorabo,
742 2104 771 2150 ut
803 2091 992 2150 recordemini.
1045 2087 1173 2142 staurium
1183 2087 1241 2158 Dei,
1250 2102 1274 2144 et
1285 2091 1425 2165 intedigatur
1434 2096 1461 2150 in
1473 2097 1619 2154 ηοιὶιιὶιιιιι.
1634 2095 1708 2172 Ergo
1717 2103 1741 2159 st
1754 2103 1823 2159 tunt

202 2188 273 2246 Aodi
285 2187 580 2258 apostotumdnentem
595 2185 628 2242 de
641 2187 697 2242 Deo
714 2185 812 2242 Patre:
828 2185 878 2253 Qui
888 2185 992 2256 propria
1045 2176 1142 2234 texeris
1152 2179 1178 2234 in
1198 2182 1357 2250 norissima,
1377 2184 1429 2241 erit
1448 2187 1554 2259 requies
1578 2188 1759 2259 intentionis,
1772 2206 1824 2266 per·

204 2283 229 2341 F
228 2285 273 2338 iliu
287 2298 338 2336 auu
347 2280 466 2351 pepercit,
482 2279 526 2334 aed
539 2295 585 2349 pru
599 2277 668 2333 nobit
678 2280 793 2333 ouraibar
803 2277 908 2332 tradidit
920 2278 993 2332 illurn
1045 2267 1094 2325 ibit
1103 2269 1177 2327 labor
1190 2272 1355 2343 qtttcstionis.

118 2409 120 2412 ν
202 2373 292 2445 (Dora.
307 2370 435 2442 munbi).
450 2369 519 2425 Audi
541 2377 569 2425 et
591 2367 626 2424 tle
647 2368 733 2426 Filio:
749 2368 800 2434 Qai
819 2384 869 2432 ma,
888 2369 989 2438 iuquit,
1079 2360 1191 2418 catur
1211 2361 1571 2442 lX.-8.Coeieatiaielicltar
1583 2373 1824 2448 piieqeetiepmn,

202 2463 301 2527 dilexit,
315 2471 339 2516 et
352 2460 457 2516 tradidit
469 2460 630 2530 aeuatipaam
643 2475 689 2530 pro
709 2475 749 2514 me
762 2457 862 2532 (Galat.
878 2474 909 2525 n,
931 2455 990 2530 Db).
1046 2449 1138 2507 dandi
1153 2454 1260 2526 {elicitae
1275 2457 1335 2528 piis,
1350 2475 1401 2515 troo
1412 2460 1501 2529 bonon
1511 2461 1557 2518 aad
1575 2481 1651 2521 aeae.
1675 2466 1825 2539 lutebigeir

203 2551 339 2623 nausiam
355 2550 417 2607 vide
438 2550 580 2606 traditores
595 2549 722 2607 :Patrem
744 2548 804 2606 lilii
821 2549 990 2612 traditorem,
1045 2543 1200 2611 notissima,
1215 2543 1260 2602 ubi
1282 2563 1362 2606 nemu
1375 2550 1428 2607 erit
1442 2551 1505 2609 ielix
1524 2555 1631 2624 malus,
1647 2572 1729 2614 nemu
1746 2559 1825 2614 intem

202 2642 298 2698 Filium
306 2641 435 2712 suiipsius
446 2638 990 2709 traditoremaedutrunrquesalratorem,
1045 2633 1140 2690 bouus.
1152 2635 1220 2705 Quid
1236 2637 1308 2695 euim
1322 2640 1377 2696 aiti
1398 2641 1465 2709 Qaid
1484 2645 1552 2700 euim
1568 2647 1633 2702 mitt
1655 2657 1692 2704 „a
1707 2649 1736 2704 r.
1752 2651 1826 2705 app

201 2733 261 2805 quia
273 2742 418 2802 utrumque
431 2740 588 2787 creatorem.
597 2729 748 2801 ludasergo
759 2729 822 2801 quid
836 2728 992 2800 iecitlQuid
1043 2722 1140 2780 Postea
1153 2727 1264 2797 cognovi
1280 2729 1344 2800 quid
1358 2729 1423 2787 mibi
1435 2742 1477 2789 est
1490 2734 1616 2805 incaelo,
1633 2752 1696 2794 enm
1709 2739 1824 2795 lpum

201 2826 273 2881 euim
292 2822 449 2880 bouilecitl
463 2823 565 2878 Βοιιιιιιι
586 2819 788 2877 deillulactum
800 2831 852 2886 est,
866 2836 919 2877 nou
934 2821 996 2891 ipae,
1043 2815 1072 2870 ln
1095 2818 1276 2875 sanctuarium
1294 2820 1353 2890 Dei,
1379 2833 1409 2879 ct
1432 2823 1608 2898 intelligerem
1632 2829 1663 2884 iu
1681 2831 1823 2888 aurasium.

201 2915 382 2971 bouumlecit.
393 2910 835 2983 NequeenimaitdudasrTradam
844 2911 990 2978 Christum,
1045 2907 1186 2976 Qrtidauim
1203 2911 1266 2967 mibi
1276 2921 1313 2968 eat
1330 2915 1358 2970 in
1378 2915 1462 2972 cetat
1474 2917 1662 2991 lucorrupliu,
1683 2924 1823 2985 ammiras,

200 3014 231 3063 ut
243 3006 371 3062 liberetur
389 3019 473 3076 genus
486 3003 641 3059 humanum.
662 3002 688 3057 ln
711 3000 780 3058 luda
795 3002 905 3058 tradidit
925 3018 989 3059 ara·
1044 2997 1247 3071 immortalitas,
1262 3004 1350 3060 nullus
1361 3005 1447 3073 dolor,
1459 3008 1548 3065 utullus
1562 3011 1655 3081 timor,
1668 3014 1757 3069 nullus
1767 3013 1823 3068 bea·

201 3100 278 3167 ritia;
299 3099 326 3155 iu
349 3098 423 3165 Deo,
439 3095 630 3153 misericordia.
644 3094 701 3150 Nun
715 3094 848 3151 redditum
861 3104 903 3152 est
915 3095 991 3154 dudm
1044 3090 1166 3149 titudinis
1177 3093 1249 3150 linis.
1268 3093 1336 3161 Quid
1348 3111 1413 3170 ergo
1424 3099 1485 3154 milri
1495 3110 1531 3156 ert
1542 3102 1569 3157 ta
1581 3104 1666 3160 celet
1684 3105 1748 3177 quid
1768 3103 1822 3160 mibi

201 3192 252 3248 uisi
266 3189 337 3261 quod
350 3189 428 3256 lecit,
442 3185 624 3259 uunquodue
637 3186 682 3241 illo
695 3185 765 3241 Deus
778 3185 852 3241 iecit.
1044 3191 1167 3239 aemulor
1181 3184 1209 3238 ia
1229 3185 1318 3241 coelo?
1340 3187 1374 3244 dt
1394 3206 1410 3244 a
1428 3200 1453 3244 ta
1474 3187 1536 3262 quid
1553 3193 1622 3249 sulm
1647 3213 1725 3268 saper
1742 3206 1822 3251 amaa

236 3281 349 3339 CAPUT
367 3278 423 3336 vlt.
439 3308 474 3320 —
486 3278 513 3334 ii.
527 3276 612 3346 impio
625 3276 695 3330 tucax
707 3277 748 3330 bic
760 3277 926 3344 interjectos,
939 3293 990 3334 nott
1044 3269 1332 3347 (fralusnandam
1350 3279 1417 3334 etaim
1436 3282 1548 3339 miliari
1565 3284 1822 3357 tneoethutdtdt

201 3373 228 3430 iu
240 3372 321 3428 altera
334 3372 396 3429 uita.
411 3361 499 3440 Quare
522 3369 573 3426 ista
597 3366 731 3424 diximus?
745 3366 811 3436 Quia
836 3375 877 3422 est
896 3367 923 3422 iu
937 3366 989 3424 boc
1042 3377 1102 3420 catu
1115 3365 1199 3435 quidl
1213 3366 1325 3436 Quando
1336 3372 1475 3441 explicabo
1496 3374 1581 3446 quidl
1593 3376 1659 3435 ideo
1680 3379 1732 3436 boc
1746 3379 1820 3435 adni-

202 3464 301 3521 secuto
316 3462 397 3532 impio
416 3461 490 3517 lucus
503 3478 512 3515 r
523 3466 551 3515 ut
574 3473 682 3530 prorsus
701 3458 776 3514 novit
801 3458 929 3514 Dominus
944 3459 990 3529 qui
1043 3456 1260 3525 runsdixit,nou
1273 3462 1421 3533 explicans,
1436 3465 1504 3532 Quid
1517 3469 1585 3523 arim
1592 3470 1658 3526 adiri
1669 3472 1729 3528 eati
1739 3471 1819 3542 iuquit

201 3564 264 3615 runt
278 3554 336 3625 ejus
348 3552 383 3625 ill
400 3551 509 3619 Tinnu,
525 3549 624 3625 l9);et
635 3548 781 3620 uuvitquid
794 3563 843 3619 pro
862 3550 927 3621 ipsis
948 3548 990 3606 la·
1042 3545 1131 3616 Quare
1145 3563 1197 3604 non
1208 3549 1276 3607 dieis
1287 3553 1349 3624 quid
1359 3554 1372 3609 l
1382 3556 1520 3625 Quomodo
1529 3559 1591 3616 dieo
1600 3562 1671 3631 qaod
1682 3560 1769 3618 ml„
1780 3577 1821 3616 ,ιιι

201 3646 270 3712 ciat,
283 3647 318 3703 de
332 3644 439 3716 illisqui
454 3658 509 3699 non
522 3641 663 3711 auntejus.
677 3639 730 3697 Sed
743 3650 770 3695 tu
797 3639 821 3695 si
836 3641 987 3709 transieris,
1042 3635 1177 3706 ditinum
1194 3640 1265 3696 uaria
1286 3643 1392 3711 undint,
1411 3662 1456 3701 nec
1474 3646 1501 3701 ia
1523 3664 1567 3703 cor
1587 3651 1700 3707 bundam
1722 3651 1819 3707 made

201 3738 224 3794 si
237 3745 342 3793 terrena
364 3733 526 3800 calcaveris,
546 3733 569 3788 si
591 3748 644 3786 uun
666 3729 765 3787 trustra
778 3745 885 3787 sursum
901 3747 948 3787 cor
964 3739 990 3788 te
1045 3726 1140 3800 (lCur.
1154 3742 1183 3799 ιι,
1205 3730 1254 3803 b)l
1265 3730 1372 3791 Calcrte
1390 3735 1513 3794 deorsum
1523 3739 1603 3810 quid;
1618 3743 1682 3814 qut,
1689 3744 1755 3801 pipp
1768 3752 1819 3800 μμ

201 3828 301 3887 babere
315 3826 499 3899 responderis:
513 3822 674 3880 transeundo
683 3837 788 3894 quaeres
801 3822 888 3878 locum
902 3823 989 3893 impii,
1042 3830 1150 3892 sperate
1162 3836 1268 3878 sursum
1292 3825 1371 3896 quid;
1387 3827 1447 3898 quiu
1469 3831 1596 3900 erquicari
1617 3848 1676 3890 nou
1692 3843 1783 3907 potest
1795 3834 1821 3888 D

200 3930 229 3978 et
249 3935 301 3975 nun
316 3918 444 3974 invenies.
460 3915 490 3974 lu
510 3915 555 3971 ille
576 3915 648 3971 euim
672 3915 725 3969 rita
742 3913 829 3969 lutura
843 3913 903 3985 quis
916 3914 990 3970 lucus
1044 3909 1113 3967 bauo
1126 3910 1205 3968 iidem
1218 3912 1363 3982 babentes,
1384 3919 1468 3975 uolite
1482 3920 1570 3978 zelare
1582 3922 1610 3979 iu
1630 3928 1819 3998 ρωωωήιηι,

201 4009 295 4082 impiil
310 4007 442 4078 Numquid
452 4004 613 4076 adbucopns
625 4003 753 4060 babemus
764 4003 884 4059 exerceri
896 4001 990 4059 malisl
1042 4001 1148 4071 quando
1159 4002 1254 4060 ridetis
1268 4019 1315 4060 eos
1327 4008 1403 4077 quasi
1414 4007 1522 4076 felices,
1533 4009 1603 4068 laiso
1617 4015 1725 4085 leiim,
1743 4031 1820 4073 feren

200 4100 334 4170 Numquid
344 4113 454 4156 necesse
469 4096 548 4153 babet
560 4111 653 4152 aarum
665 4095 752 4150 adbuc
764 4095 871 4166 purgari
883 4109 931 4165 per
943 4111 988 4164 pa-
1043 4092 1174 4151 inielices.
1188 4094 1223 4150 lit
1232 4112 1282 4152 vos
1293 4098 1415 4154 letamini
1426 4101 1452 4155 iu
1464 4100 1574 4158 Domino
1585 4103 1675 4176 (Prot.
1687 4125 1764 4175 mg,
1775 4108 1820 4176 {tp

201 4191 292 4246 bam?
305 4188 473 4247 'lutusenim
489 4185 711 4242 mundusloruax
732 4185 860 4241 anriiicis.
875 4184 911 4240 lbi
924 4185 988 4255 justi
1045 4183 1112 4241 Etsi
1134 4185 1240 4243 bebetis
1262 4189 1331 4246 iorte
1343 4192 1490 4248 secuudum
1511 4202 1618 4266 tempus
1638 4198 1764 4269 divitias,
1784 4201 1822 4254 bo

202 4292 326 4353 tanquam
338 4294 434 4334 aurum
449 4296 456 4330 r
470 4277 507 4332 ibi
519 4277 593 4347 impii
615 4286 739 4347 tauquam
753 4274 838 4345 palea.
852 4271 890 4330 lbi
905 4275 989 4331 tribu·
1042 4289 1139 4344 nores,
1152 4287 1306 4347 potestates,
1323 4281 1404 4337 nolite
1418 4282 1479 4338 indu
1490 4300 1538 4340 vos
1549 4295 1646 4356 putare
1661 4288 1765 4348 setim,

202 4373 267 4428 latio
289 4371 359 4430 sicut
373 4369 442 4442 ignis
455 4385 462 4423 ε
474 4367 510 4422 ibi
526 4367 595 4423 Deus
615 4367 684 4422 sicut
696 4363 810 4421 aurilex.
826 4365 888 4420 Pius
904 4365 989 4421 Deum
1077 4364 1190 4423 CAPUT
1208 4366 1242 4423 X.
1255 4398 1291 4409 —
1302 4370 1401 4426 Seieuti
1416 4372 1499 4429 lutari
1510 4374 1537 4430 iu
1549 4376 1677 4449 bomine,
1690 4390 1720 4438 α
1738 4381 1823 4438 interp.

201 4463 309 4532 nudat,
334 4476 429 4519 aarum
450 4459 541 4516 rutilat
555 4475 563 4515 r
577 4458 674 4530 impius
700 4457 785 4521 Deum
812 4454 987 4527 blasphemat,
1041 4456 1114 4527 genti
1127 4456 1153 4512 in
1166 4459 1321 4529 nutrimina,
1331 4461 1444 4519 felicitas
1456 4466 1546 4522 mundi
1557 4483 1612 4525 nun
1624 4480 1670 4528 est
1680 4472 1775 4539 bonon
1786 4473 1824 4529 aad

202 4557 278 4629 palea
293 4556 386 4612 lumat.
403 4552 443 4608 dd
464 4566 544 4608 uuam
565 4549 781 4614 tribulationem,
808 4557 934 4621 tauquam
954 4549 987 4605 ud
1041 4561 1120 4602 onus.
1147 4545 1222 4603 Felix
1241 4547 1322 4606 bomo
1334 4553 1479 4610 secundum
1501 4559 1630 4616 sarculum
1657 4565 1824 4633 perlaturus,

201 4668 283 4708 uuum
298 4652 400 4723 ignem,
422 4647 468 4703 ille
485 4656 621 4717 purgatur,
635 4645 679 4702 ille
698 4651 835 4701 vastatur:
851 4642 898 4699 sed
918 4642 989 4700 Deua
1042 4653 1076 4695 oe
1090 4638 1147 4708 ipsa
1158 4637 1303 4709 felicitate,
1317 4658 1369 4699 non
1383 4645 1409 4700 iu
1421 4660 1544 4718 corpore,
1558 4651 1606 4706 sed
1629 4654 1656 4708 iu
1672 4658 1762 4712 anima
1773 4673 1825 4712 mr·

201 4741 304 4797 aurifer
318 4742 345 4795 in
357 4750 468 4810 utruque
478 4737 608 4792 laudatur.
1043 4744 1191 4802 rumpatur.
1204 4732 1271 4788 Nam
1284 4733 1334 4791 ista
1349 4735 1461 4794 felicitas
1471 4738 1537 4797 laisa
1547 4752 1599 4799 est.
1610 4744 1694 4804 Tales
1704 4788 1713 4814 ,
1725 4751 1782 4806 erg
1792 4748 1825 4803 ἡ.

238 4831 352 4888 carot
369 4830 437 4885 lllll.
450 4857 487 4870 -
501 4826 528 4884 ¹1.
542 4825 581 4882 De
594 4827 711 4882 recalari
725 4823 988 4897 felicitateiurpioram
1042 4822 1138 4879 dentur
1147 4824 1246 4895 aliquid
1260 4841 1321 4882 esse
1339 4828 1364 4882 in
1382 4828 1433 4884 boc
1447 4831 1557 4900 saeculo,
1578 4850 1634 4891 nun
1650 4837 1787 4907 laetamur,
1801 4840 1824 4894 ia

203 4941 234 4980 aa
245 4925 424 4996 *perturbentur
436 4922 481 4993 pii.
498 4920 600 4986 Dicam,
615 4916 774 4981 cbarissimi,
787 4916 931 4971 eabortaus
941 4929 988 4971 vos
1043 4915 1296 4986 praeceptisDomini
1307 4916 1481 4975 delectantur.
1493 4922 1652 4996 'lunequod
1662 4929 1742 4999 jung
1754 4933 1824 4996 pm,

202 5030 230 5072 et
242 5031 286 5072 me
299 5017 395 5085 ipsum.
410 5011 591 5083 Cogitationes
612 5010 733 5066 carnales
748 5009 774 5062 in
789 5007 922 5076 adjutorio
934 5005 988 5061 Do·
1042 5006 1207 5076 preponitur
1232 5007 1346 5074 mundo,
1366 5021 1393 5066 et
1417 5011 1562 5071 blandienti
1582 5027 1613 5074 et
1626 5020 1742 5078 minanti
1754 5041 1762 5078 :
1775 5022 1823 5078 eal.

202 5107 267 5164 mlui
281 5115 456 5168 transeamus,
471 5116 577 5157 sursum
592 5115 639 5155 cor
653 5098 814 5164 babeamus,
830 5097 928 5152 devita
948 5095 986 5151 iu·
1043 5106 1118 5153 catur
1150 5113 1230 5156 omne
1266 5101 1386 5168 risibile,
1416 5107 1561 5173 transitum
1588 5113 1751 5183 cogitando,
1780 5129 1825 5169 m

203 5207 262 5254 tura
276 5196 422 5267 cogitemus
438 5211 445 5250 ι
460 5192 576 5249 obicum
592 5189 731 5246 lueritcor
753 5198 843 5251 tuum,
857 5185 986 5241 transisti.
1042 5191 1220 5261 ambulando,
1247 5195 1384 5251 transitur.
1413 5196 1471 5253 lion
1499 5198 1574 5267 dixi,
1605 5219 1690 5262 omne
1717 5207 1822 5268 risibitm

202 5286 255 5345 ilbi
268 5283 432 5356 estimpiusl
444 5283 501 5339 Nou
517 5282 552 5337 ibi
564 5276 988 5336 erit.tttcneceseurtuserat=tbi
1044 5281 1121 5340 iacile
1137 5292 1180 5340 est
1192 5284 1263 5341 enim
1284 5288 1399 5346 transire
1416 5289 1487 5360 quud
1507 5293 1616 5351 miras:
1632 5297 1680 5352 sed
1694 5301 1821 5360 transitur.

202 5395 307 5452 queres
325 5393 397 5445 eunt,
420 5385 448 5433 et
468 5390 521 5431 uon
536 5372 658 5429 inuenies
673 5372 760 5426 lucum
784 5370 852 5440 ejus.
875 5368 988 5438 Quando
1043 5372 1108 5440 dixi,
1123 5389 1202 5433 omne
1214 5377 1351 5433 mutabile.
1361 5377 1491 5446 Quoniam
1501 5382 1632 5454 quidquid
1643 5387 1765 5457 visibile,
1777 5403 1822 5444 mu·

204 5486 270 5542 ergo
285 5469 400 5536 ridetis,
415 5467 518 5531 iratres,
532 5464 577 5536 qui
592 5479 626 5519 ex
640 5461 692 5518 ilde
704 5461 802 5528 vivitis,
813 5474 925 5532 quorum
941 5474 988 5515 cor
1043 5465 1126 5522 labile
1140 5483 1147 5520 :
1160 5481 1213 5522 nou
1227 5477 1316 5524 autem
1330 5469 1458 5542 quidquid
1471 5474 1617 5542 mutabile,
1636 5480 1758 5544 risibile;
1770 5478 1820 5550 quit

202 5571 306 5618 rectum
325 5569 382 5622 est,
397 5559 442 5630 qui
456 5557 568 5612 loturum
581 5555 754 5623 eamdemque
773 5565 862 5606 rueram
876 5558 903 5606 et
916 5564 988 5605 sem-
1045 5563 1073 5611 et
1083 5553 1187 5614 unimus
1199 5559 1333 5615 mutabilis
1348 5569 1405 5624 est,
1418 5573 1447 5618 et
1461 5571 1550 5619 arnan
1573 5565 1726 5625 intersimus,
1740 5569 1820 5626 prm·

119 5646 121 5651 ⁴
204 5655 336 5714 alternam
349 5652 501 5710 felicitatem
514 5648 641 5722 speratis,
653 5645 758 5718 quaudo
771 5645 864 5704 ridetis
873 5648 987 5721 gauden·
1045 5660 1124 5702 omnc
1136 5646 1207 5717 quod
1220 5648 1341 5720 videtum
1362 5651 1483 5709 transiet
1496 5654 1570 5726 quod
1590 5673 1646 5715 uuo
1665 5661 1777 5730 ridetur,
1796 5669 1817 5716 ιι
