3728 6276
719 221 833 283 sensio
850 221 939 281 ectu.
1607 238 1662 299 εει

142 347 215 407 „pm
240 344 401 419 spiritudis,
422 358 535 414 corpore
557 341 693 398 cucumis:
712 340 819 412 quaudo
872 336 950 394 Neue
961 350 1056 408 mum,
1068 342 1124 415 mou
1135 344 1305 416 redemptus,
1318 349 1363 419 qui
1377 347 1416 404 ini
1435 360 1513 407 antea
1526 353 1576 410 sub
1595 371 1661 427 pee-

142 439 280 500 ‚ffiamlist
291 440 369 506 eum,
383 437 529 496 Seusiuotuc
539 453 631 507 eorpus
649 435 767 502 ommate,
779 449 819 488 re·
872 438 933 485 cato
945 432 1119 490 venumdatus
1130 475 1138 500 ,
1150 436 1205 505 jam
1216 445 1325 509 accepta
1340 438 1425 511 gratia
1451 439 1617 514 Salvatoris,
1632 456 1662 502 ut

142 527 551 605 mffiwucffimpp),
559 525 822 598 Modoergoquando
871 529 962 579 moute
969 523 1138 581 condelecter
1153 526 1205 598 legi
1216 527 1279 596 Dei,
1293 546 1344 585 acu
1354 546 1401 602 epo
1417 548 1506 604 operor
1523 535 1605 602 iliud,
1617 538 1663 594 sed

142 624 226 681 nortis
236 621 382 686 contentio,
397 637 448 675 uon
460 620 528 694 quod
545 620 602 675 coto
615 635 664 691 opo
677 634 687 672 .·
699 634 733 674 ex
746 625 821 688 parte
871 611 940 686 qood
953 613 1048 668 incitat
1061 616 1088 670 iu
1098 633 1137 672 me
1150 629 1287 688 peecatum.
1300 619 1360 676 Scio
1372 623 1440 678 euim
1454 625 1514 696 quio
1528 643 1579 681 ueu
1588 630 1661 684 inii-

142 713 191 780 Μ
203 728 239 769 a
252 720 327 783 W
340 711 473 771 camus:
489 726 525 768 θ,
544 719 621 782 9„oe
639 709 750 765 meliore
763 708 820 779 spi.
873 710 910 756 tot
929 703 955 757 ia
975 720 1025 759 ute.
1049 704 1146 761 iterum
1166 723 1229 778 ergo
1248 711 1274 764 iu
1287 728 1326 765 ure
1339 728 1349 766 ι
1363 714 1424 769 aridi
1438 716 1509 785 quod
1532 720 1662 790 sequitur,

142 817 194 870 ‚ex
206 811 281 874 perte
295 801 422 858 inferiore
440 801 565 858 carnaiis.
578 799 674 858 Adhuc
686 798 819 870 confligo,
873 792 1090 851 incestuosum
1110 815 1166 852 meo
1178 799 1279 856 bouum.
1298 800 1369 858 Veiie
1388 809 1455 860 euuu
1471 808 1533 863 irritu·
1551 810 1661 882 adjacet.

142 895 220 953 urici
232 913 240 951 ε
252 910 378 966 magnoni
391 893 456 950 mihi
469 902 511 950 est
525 908 577 948 uon
589 892 668 948 vinci.
682 889 742 948 Nou
755 889 823 961 qaod
873 883 945 941 Seio.
964 886 1032 956 Quid
1052 889 1126 945 scisi
1142 890 1210 959 Quia
1230 909 1281 948 unu
1299 895 1397 951 dabitat
1415 899 1443 954 iu
1456 917 1512 966 me,
1526 902 1573 957 icoo
1590 905 1664 960 estin

142 1003 166 1042 κ
179 1002 248 1060 ¹203
259 985 327 1059 Μ
341 986 395 1054 0115,
409 973 478 1041 pund
484 985 562 1056 facio.
574 983 644 1053 Quid
658 982 742 1039 iacis?
753 980 824 1038 Con·
873 991 949 1034 omae
960 996 1026 1048 meo,
1044 980 1148 1038 ionem.
1164 983 1324 1041 iamdudum
1342 987 1460 1059 dixeras,
1475 992 1549 1060 Quod
1560 1011 1662 1065 operor,

142 1101 155 1130 ›.
172 1075 230 1132 Etsi
243 1075 465 1146 concupiscentie
474 1089 528 1131 nou
537 1073 685 1139 consentio,
698 1073 749 1130 etsi
764 1079 823 1143 post
872 1070 972 1143 macro
985 1072 1015 1130 si
1026 1073 1142 1146 ignoras,
1152 1078 1286 1148 quomodo
1295 1080 1365 1137 seis?
1374 1081 1451 1138 diedo
1461 1083 1537 1152 dicis,
1548 1085 1660 1159 Ιεεοτες

141 1167 267 1224 ἰεεεειῑεε
287 1183 362 1224 meas
377 1183 430 1223 non
443 1181 496 1235 eo;
513 1175 600 1223 tamen
617 1165 705 1221 adhue
722 1177 823 1221 conm-
874 1163 956 1220 modo
968 1164 1052 1235 diois,
1069 1166 1129 1223 Scio
1141 1186 1152 1222 .·
1163 1183 1214 1240 ego
1236 1172 1372 1242 quomodo
1384 1173 1546 1245 intelligam,
1561 1179 1661 1234 neseio.

145 1259 364 1332 etutiqueetinm
377 1263 404 1316 iu
418 1261 473 1330 ipsa
486 1269 560 1331 perte
571 1273 622 1330 ego
634 1273 704 1315 sum.
816 1308 819 1317 λ
874 1253 978 1312 innoc
988 1257 1110 1328 estquod
1123 1259 1318 1332 inteiligotlibi
1332 1264 1460 1332 enimait,
1475 1266 1661 1340 Quodoperor,

142 1350 185 1410 UT
203 1351 258 1408 tit.
266 1381 303 1393 -
311 1351 339 1410 9.
348 1351 420 1408 idem
433 1352 543 1407 cucumis
554 1351 630 1407 uma!
642 1360 666 1407 et
674 1349 823 1423 ερὶνίιεειίε.
874 1346 983 1420 ἕρκειος
1000 1349 1068 1406 dixit
1079 1351 1182 1423 ipuoro,
1197 1369 1250 1408 uon
1260 1355 1396 1425 approbo,
1408 1370 1462 1413 nou
1472 1366 1591 1431 accepto,
1609 1376 1662 1416 non

142 1446 278 1518 immi„
292 1455 392 1512 meme,
407 1455 435 1502 et
447 1447 514 1502 ,pus
528 1446 556 1502 in
575 1460 666 1502 earne.
678 1443 731 1501 Sed
743 1442 824 1516 quidt
875 1437 940 1494 mihi
955 1439 1059 1510 piacet,
1073 1456 1126 1498 uon
1142 1444 1298 1514 consentio,
1311 1459 1364 1501 non
1377 1445 1465 1503 laudo.
1479 1448 1619 1506 Nouenim
1634 1462 1664 1508 et

142 1554 185 1610 pce
197 1555 262 1611 epo:
275 1538 338 1611 qnia
351 1539 442 1609 ego-in
456 1547 555 1605 mente,
566 1553 617 1610 ego
630 1539 656 1594 iu
665 1552 755 1594 carne.
765 1536 825 1593 Non
875 1530 998 1589 Christus
1009 1547 1057 1590 eos
1066 1533 1206 1603 ignorabit,
1225 1536 1321 1607 quoue
1333 1536 1453 1595 dicturus
1462 1550 1513 1608 est,
1530 1540 1592 1598 Nou
1603 1545 1665 1599 uoci

142 1637 296 1686 naeuetmae
305 1630 457 1697 contrariae,
471 1627 520 1686 sed
531 1643 564 1685 es
577 1637 688 1700 utraque
697 1644 765 1684 unus
774 1627 824 1683 ho-
875 1638 919 1679 ooo
934 1622 1038 1698 (Batti.
1062 1641 1108 1694 uu,
1138 1627 1195 1697 23).
1218 1627 1333 1686 Prorsus
1357 1630 1439 1687 etiam
1458 1631 1511 1688 hoe
1532 1634 1662 1708 intelligo,

142 1719 177 1776 tin
195 1735 264 1776 uuus
284 1720 371 1789 Deus,
383 1735 399 1775 n
411 1735 464 1791 quo
482 1719 568 1776 iaetus
580 1729 623 1775 εει
635 1719 726 1776 homo.
741 1719 826 1792 tpitur
878 1715 953 1785 Quod
964 1717 1031 1774 εείει
1042 1735 1143 1789 operor,
1156 1720 1265 1792 ipuoro:
1277 1723 1336 1792 quia
1346 1723 1418 1794 quod
1430 1740 1482 1780 nou
1493 1725 1571 1793 isoio,
1587 1727 1663 1798 igno·

142 1831 156 1879 ·,
169 1811 297 1883 egoipee,
309 1821 391 1867 mente
410 1811 492 1867 tercio
506 1812 555 1883 iepi
566 1810 634 1878 Dei,
645 1827 723 1866 carue
740 1820 825 1866 autem
876 1821 918 1863 ro.
933 1805 1069 1865 Noumiut
1081 1825 1127 1881 epo
1139 1826 1232 1881 operor
1243 1811 1319 1880 utut,
1329 1812 1484 1887 tedidpnod
1495 1815 1522 1870 iu
1536 1832 1575 1870 me
1591 1817 1665 1873 taet-

142 1901 215 1957 ccoti.
232 1900 322 1958 idente
341 1915 394 1957 uon
415 1900 554 1957 consentio
577 1900 628 1972 legi
643 1901 762 1971 pcccati:
777 1901 825 1957 sed
877 1907 914 1954 tot
934 1909 1072 1972 peccatum
1094 1901 1157 1959 ideo
1170 1903 1282 1974 ignoro:
1299 1906 1361 1977 quin
1374 1922 1427 1962 uon
1441 1922 1491 1979 epo
1503 1907 1582 1977 iccio,
1595 1910 1665 1967 siout

142 1993 235 2051 uoiiem
247 1992 576 2051 essetinmembrismeie
590 1992 699 2050 lesciis
713 1995 825 2063 peceati.
877 1988 975 2045 dictum
984 1999 1026 2048 εει
1036 1990 1070 2048 de
1080 1992 1204 2063 Domino,
1218 1992 1285 2049 Eum
1294 1995 1338 2064 qui
1351 2012 1402 2051 nou
1416 2008 1520 2053 noceat
1535 2010 1665 2070 peccatum

142 2098 176 2157 po
183 2083 295 2152 noiiem,
301 2091 330 2141 et
336 2093 424 2141 tamen
434 2093 491 2151 est;
500 2084 622 2156 mequod
629 2085 685 2140 coto
692 2083 827 2156 apesquia
878 2076 912 2153 (ΙΙ
925 2078 984 2137 Cor.
997 2098 1024 2148 c,
1035 2082 1093 2152 et).
1103 2083 1172 2152 Quid
1190 2094 1248 2151 est,
1261 2103 1313 2141 uoa
1332 2091 1455 2144 umeros?
1464 2089 1536 2162 Ergo
1550 2108 1603 2148 uon
1613 2108 1663 2148 uo-

142 2175 827 2248 iseo.etnoio,aouqaocootoopo;sedquocodiitiud
878 2180 952 2226 uerat
975 2172 1047 2243 quod
1063 2174 1208 2244 arguebat!
1220 2189 1274 2232 non
1292 2187 1405 2235 noverat
1426 2182 1498 2251 quod
1519 2184 1664 2252 puniehsti

142 2267 199 2336 inid
219 2267 281 2323 odi?
293 2266 499 2337 concupiscere.
514 2266 564 2324 Odi
588 2266 787 2336 concupiscere,
800 2274 829 2322 et
877 2262 906 2319 Si
916 2279 980 2336 ergo
993 2280 1046 2320 non
1058 2277 1170 2323 uouerat
1180 2268 1252 2338 quod
1266 2270 1402 2340 puniebat,
1415 2272 1513 2342 iujnste
1527 2274 1663 2345 puniebat.

142 2357 261 2431 igoiiiud
270 2348 826 2430 carneunammtezouododiiiiudsueio.
877 2354 944 2424 Quis
959 2372 1022 2414 vero
1030 2357 1101 2429 juste
1115 2360 1257 2431 puniebat,
1273 2373 1383 2420 nouerat
1399 2366 1470 2436 quod
1484 2368 1618 2437 puniebat.
1630 2369 1666 2425 Et

142 2449 293 2507 Ξοεεεειίεει
305 2467 363 2506 eom
374 2451 474 2522 cpe·
482 2449 679 2518 Sicuumqaod
685 2450 754 2517 uoto,
763 2449 828 2505 iliad
879 2452 967 2502 temen
981 2457 1117 2518 peccatum
1127 2463 1182 2505 uon
1194 2458 1322 2520 noverat,
1335 2453 1396 2524 quia
1411 2466 1549 2525 peccatum
1562 2472 1615 2514 uon
1627 2457 1666 2514 ie-

142 2542 261 2599 aesetttio
270 2543 320 2614 ieci
331 2584 341 2612 ,
353 2543 474 2614 monium
489 2543 554 2598 ioan
572 2551 618 2599 eet.
630 2541 699 2612 Quid
711 2553 753 2599 ost
765 2543 826 2609 hoe,
877 2545 961 2592 certi·
976 2537 1051 2605 Quod
1062 2540 1128 2594 etim
1139 2557 1246 2611 opnor,
1261 2542 1350 2614 ionem
1362 2560 1372 2601 .·
1386 2561 1437 2601 uou
1448 2548 1516 2602 euim
1527 2549 1595 2619 quod
1607 2551 1665 2605 noio

142 2633 150 2689 i
163 2633 235 2699 noio,
245 2633 310 2689 utcu
324 2635 408 2707 facim·
417 2634 545 2690 consentio
551 2632 624 2706 Lepi,
635 2635 755 2709 quoniam
763 2634 829 2689 oouo
878 2642 943 2698 opo:
951 2627 996 2683 ted
1008 2628 1076 2700 quod
1089 2631 1142 2696 odi,
1156 2630 1221 2686 ittae
1232 2633 1308 2703 socio.
1321 2633 1352 2689 Si
1364 2643 1446 2690 aetem
1457 2638 1525 2709 quod
1537 2640 1605 2704 uoto,
1618 2641 1666 2695 ime

142 2727 292 2784 cusentinos
305 2726 377 2798 legi,
399 2724 424 2782 si
437 2726 509 2799 quod
522 2726 603 2783 veliet
622 2726 725 2783 iaceres
740 2745 747 2781 z
761 2724 828 2782 iacis
879 2720 961 2791 socie·
973 2721 1100 2776 contentio
1123 2723 1182 2794 iepi,
1195 2725 1314 2794 quonium
1331 2726 1397 2780 ioue
1410 2736 1457 2781 est.
1471 2727 1548 2784 Naue
1568 2741 1662 2797 uatem,

142 2832 168 2875 tx
181 2816 249 2883 odit,
263 2816 398 2888 quomodo
411 2818 547 2874 consentis
561 2817 635 2888 legii
650 2817 779 2887 Prorsus,
797 2816 829 2873 st
878 2822 985 2884 aucupto
997 2813 1052 2884 iem
1071 2815 1173 2887 grana,
1187 2833 1238 2873 nou
1255 2833 1302 2889 epo
1319 2834 1409 2889 operor
1421 2821 1508 2877 ittae:
1528 2823 1610 2879 libera
1624 2835 1667 2881 εει

142 2909 197 2975 iio,
222 2907 270 2963 icoc
284 2908 371 2978 iccio:
393 2910 521 2964 eontentio
542 2909 610 2980 topi,
633 2908 752 2979 quoniam
763 2908 829 2964 inae
879 2919 964 2972 meus,
980 2921 1042 2962 caro
1056 2907 1168 2978 captiua.
1184 2907 1246 2964 Nou
1259 2925 1306 2981 epo
1316 2926 1408 2981 operor
1419 2912 1494 2979 ittae,
1507 2913 1552 2969 ted
1563 2915 1591 2969 id
1599 2918 1668 2987 quod

142 2999 273 3058 uomodo?
294 2999 360 3068 Quia
378 3000 455 3071 jtrbet
480 3000 541 3066 lex,
565 2999 627 3055 Nou
653 3001 827 3071 concupisces,
878 2996 906 3052 ia
918 3012 958 3052 me
968 2997 1064 3053 iodim
1074 3009 1214 3070 peccatum.
1233 2999 1294 3057 Scio
1308 3003 1375 3058 euim
1387 3004 1447 3075 quta
1464 3021 1515 3061 unu
1529 3005 1625 3062 totitu
1640 3008 1667 3064 itt

142 3093 185 3150 nio
196 3094 265 3166 egoi
276 3108 331 3149 non
341 3094 547 3166 concupisceret
562 3093 682 3149 volendo
694 3093 764 3165 quod
774 3093 831 3150 vult
879 3103 929 3155 rue,
944 3088 992 3143 icoc
1002 3099 1039 3144 eu
1057 3090 1085 3144 iu
1096 3106 1171 3145 eorm
1181 3107 1248 3158 mea,
1261 3093 1364 3151 conam.

142 3185 304 3257 ιιειιιίειεεί,
315 3186 435 3256 monium
452 3185 519 3241 ioue
538 3194 584 3240 εει.
598 3185 627 3240 Si
650 3184 752 3243 diceret
773 3186 829 3254 ies,
913 3180 1028 3239 CAPUT
1046 3181 1093 3238 ΙΧ.
1106 3182 1198 3238 -12
1217 3181 1344 3255 Perficee
1357 3187 1529 3258 iepentiuitce
1541 3191 1591 3245 oito
1608 3207 1669 3247 ιεε-

142 3277 292 3349 menpiscus,
313 3288 343 3333 et
359 3291 410 3349 ego
431 3277 529 3333 veliem
551 3278 758 3348 concupiscere3
775 3294 831 3337 uon
880 3273 1335 3332 oeconomicon-tetecum
1345 3281 1533 3351 adjacetmiii.
1546 3283 1666 3352 witero

142 3368 220 3425 tironi
230 3367 293 3439 legi,
306 3368 451 3424 etomnino
463 3368 497 3425 ab
509 3368 554 3424 iiie
565 3368 707 3426 voluntatis
721 3384 832 3440 perrer-
880 3373 966 3419 autea
978 3364 1070 3420 mam
1083 3381 1135 3421 ann
1148 3367 1257 3437 adjacet.
1278 3367 1384 3439 Adiacet
1396 3371 1475 3438 ιειιε,
1487 3372 1607 3442 perficere
1617 3389 1668 3427 nou

142 3459 263 3517 diversus
277 3461 430 3517 existerem.
448 3462 558 3518 Dicente
578 3462 652 3518 enim
674 3461 744 3534 tege,
767 3462 832 3520 Neu
881 3457 991 3529 adiacet.
1001 3456 1059 3514 Non
1076 3458 1160 3526 dixit,
1174 3457 1263 3515 iecere
1279 3459 1358 3527 ;sed,
1374 3463 1504 3532 perficere.
1521 3463 1580 3518 Nou
1594 3465 1668 3520 enim

142 3551 212 3617 ἰιεεε,
226 3558 255 3608 ει
265 3566 316 3623 ego
325 3552 422 3608 veliem
435 3552 624 3623 concupiscere
635 3570 643 3619 ;
654 3568 707 3610 nou
717 3569 831 3612 cousen-
881 3548 947 3604 ninii
958 3547 1036 3604 ineis.
1050 3549 1171 3607 Rebeiiat
1180 3550 1406 3622 eoncupiscentia,
1418 3560 1448 3609 et
1456 3569 1508 3608 uou
1518 3554 1668 3620 consenum

142 3642 216 3701 iliei.
227 3641 296 3712 Quid
310 3642 410 3699 modoi
423 3642 487 3714 quid
501 3643 577 3709 dieis,
588 3657 605 3699 o
618 3644 680 3700 lesi
695 3643 757 3702 Nou
768 3663 831 3702 con·
882 3641 998 3698 delectat
1009 3657 1079 3698 uxor
1089 3643 1187 3707 aliene,
1200 3650 1228 3698 et
1241 3658 1294 3698 uon
1306 3645 1412 3710 annuis,
1425 3653 1543 3699 mentem
1557 3646 1667 3710 evertis,

142 3750 164 3790 ε.
177 3733 272 3806 Etesso
284 3733 348 3790 nolo
357 3734 555 3805 concupiscere,
569 3744 597 3791 et
608 3750 658 3807 ego
668 3735 746 3803 noio;
760 3737 832 3808 quod
882 3732 910 3788 in
922 3732 1095 3788 secretarium
1108 3733 1204 3789 mentis
1216 3734 1310 3789 intras.
1324 3733 1405 3790 vides
1423 3733 1489 3790 ioris
1506 3744 1669 3807 strepentem

142 3839 174 3890 s,
190 3824 255 3881 noio
266 3842 275 3881 ε
287 3823 350 3882 ideo
366 3825 525 3892 nomentio,
539 3825 601 3896 quin
619 3826 691 3897 quod
710 3843 764 3883 non
779 3829 831 3897 vis,
881 3825 1139 3896 concupiscentiam,
1154 3825 1256 3896 proiers
1272 3825 1400 3882 aduersus
1420 3841 1480 3882 eum
1498 3828 1669 3890 senteutiam,

142 3915 190 3974 ion
210 3916 304 3989 implet
323 3916 408 3989 legem
419 3916 560 3974 infirmitas
579 3933 639 3973 mea
653 3936 660 3973 :
675 3919 721 3975 sed
735 3919 832 3991 Legem
882 3915 1015 3973 mundsus
1027 3916 1228 3974 conscientiam.
1240 3917 1319 3984 Nolo,
1333 3917 1430 3988 inquis,
1445 3931 1496 3972 uon
1512 3916 1589 3974 facio.
1603 3917 1671 3974 Puto

146 4006 269 4064 voluntas
282 4022 353 4064 mea.
376 4007 447 4080 Ergo
469 4008 492 4064 si
514 4008 586 4078 quod
608 4009 832 4082 noio‚hooago;
882 4011 945 4083 quia
958 4010 1080 4078 deiectat,
1094 4011 1237 4078 uoniacio,
1248 4008 1335 4067 habeo
1354 4010 1397 4067 cui
1413 4009 1591 4067 condelecter.
1603 4008 1671 4066 don-

142 4100 266 4157 cosentio
287 4099 358 4172 tegi,
369 4101 431 4171 quia
455 4100 519 4156 nolo
536 4100 608 4170 quod
629 4117 682 4157 non
694 4102 766 4169 vult,
779 4119 832 4160 non
882 4101 1070 4158 deiectormim
1081 4101 1131 4174 trpt
1146 4101 1196 4158 Dei
1215 4101 1355 4157 muudum
1372 4101 1514 4155 interiorem
1537 4101 1671 4155 ioadueiu.

142 4190 251 4264 pocued
269 4193 343 4248 nolo.
361 4192 450 4263 ipsum
463 4192 535 4248 enim
554 4207 634 4264 agere
646 4194 834 4265 concupiscere
884 4194 955 4262 Quid
966 4203 994 4250 tu
1007 4193 1043 4252 de
1055 4208 1137 4252 cerne
1149 4204 1194 4251 tua
1208 4192 1395 4251 tumultuatis?
1404 4192 1474 4260 Quid
1482 4193 1674 4249 delectationes

142 4285 395 4356 concuspiscentiae
406 4285 558 4342 consentire
572 4304 579 4341 :
592 4300 628 4341 ue
636 4285 732 4357 aliquis
740 4286 796 4356 iam
807 4286 834 4342 in
886 4285 992 4352 stultos,
1008 4285 1168 4356 temporales
1176 4284 1274 4352 dume,
1287 4298 1382 4351 muas,
1395 4284 1499 4350 noxias,
1512 4283 1674 4338 tumultuose

142 4374 175 4431 to
183 4375 311 4446 peccand
323 4375 375 4431 eibi
387 4376 666 4447 aestumandum,
677 4385 705 4433 et
718 4377 763 4433 det
776 4392 836 4433 ma·
886 4378 1016 4450 suggeris,
1025 4386 1104 4434 etees
1112 4376 1188 4448 quasi
1198 4377 1303 4447 garrula
1313 4376 1377 4432 mihi
1385 4375 1491 4431 nomast
1499 4373 1675 4431 decreuerunt

142 4468 286 4539 smpium.
310 4466 373 4524 Nou
388 4469 457 4540 quod
467 4469 524 4524 voto
544 4486 603 4542 opo.
616 4470 686 4536 Quid
698 4471 769 4528 euim
792 4473 835 4529 ies
885 4471 949 4525 auidi
959 4468 1046 4540 injusti
1056 4467 1241 4523 εειεειειὶεεεε.
1251 4465 1315 4521 lude
1327 4474 1369 4521 εει
1381 4473 1409 4521 ει
1419 4465 1469 4520 ista
1481 4469 1674 4536 coucupiscen-

142 4556 206 4615 lion
215 4559 385 4630 muespiseee.
399 4560 433 4615 Ει
445 4575 495 4632 ego
507 4559 570 4616 nolo
587 4560 794 4630 concupiscere,
809 4570 837 4618 et
888 4561 934 4616 tia.
947 4559 1042 4616 Narrat
1054 4556 1119 4614 mihi
1137 4557 1342 4623 delectationes,
1355 4556 1400 4612 red
1418 4573 1470 4611 nou
1487 4557 1552 4610 sicat
1563 4557 1674 4621 ιιειεε,

148 4648 460 4721 concupisco3quamcis
475 4650 696 4721 concupiscentius
714 4667 783 4708 mem
794 4666 837 4707 ns-
887 4648 996 4706 Domine
1008 4647 1094 4721 (Prot.
1107 4663 1197 4715 osuit,
1209 4646 1268 4718 85).
1281 4646 1443 4702 condelector
1462 4645 1529 4700 euim
1547 4645 1676 4716 teptnei:

142 4754 224 4798 nnou
236 4740 388 4811 prebeam,
400 4743 521 4812 quamvis
543 4751 604 4813 post
623 4756 684 4798 eam
698 4756 752 4798 uon
764 4757 835 4799 eam.
875 4756 941 4797 uon
954 4740 989 4798 do
1001 4738 1121 4808 me,sed
1134 4738 1169 4795 de
1186 4738 1271 4809 gratie
1289 4736 1346 4792 Dei.
1361 4734 1401 4791 Tu
1422 4734 1635 4804 concupiscentia
1648 4737 1675 4790 iu

142 4832 248 4898 neuim,
256 4841 348 4888 averto
358 4843 484 4899 mentem,
495 4848 564 4905 nego
572 4848 659 4901 mma,
668 4841 748 4891 teneo
757 4851 838 4892 mem-
888 4848 969 4890 carne
990 4831 1176 4896 tumultuaris,
1190 4836 1307 4885 mentem
1331 4827 1376 4883 tibi
1389 4827 1553 4882 uuusubdis.
1566 4825 1601 4881 iu
1620 4825 1677 4882 Deo

142 4931 254 4980 ttamen
268 4922 298 4978 nt
307 4923 333 4978 iu
344 4939 387 4979 me
399 4923 470 4994 quod
484 4924 556 4980 nolo.
564 4923 641 4992 Quod
652 4940 705 4980 non
717 4926 773 4981 vuit
782 4927 836 4994 ies,
888 4925 1012 4997 speratim
1026 4940 1076 4978 uoci
1098 4921 1189 4978 timeon
1206 4921 1267 4991 quid
1281 4920 1358 4990 facim
1370 4919 1432 4972 utitri
1447 4933 1507 4974 carc
1530 4915 1614 4988 (Psoi.
1630 4933 1674 4984 su,

142 5015 535 5086 nmiepe3quodnuuuuitmolo
545 5033 552 5070 :
562 5018 837 5090 ergooonseuuolegi.
889 5017 928 5089 5).
944 5015 997 5082 tie,
1008 5029 1065 5082 me,
1078 5014 1130 5070 hoc
1142 5021 1194 5079 est,
1205 5020 1294 5067 mente
1303 5026 1357 5066 uon
1369 5008 1565 5073 consentiente,
1578 5011 1677 5064 tumni-

142 5104 200 5163 ‘tm
218 5106 287 5162 vlit.
299 5137 336 5148 -
348 5107 392 5163 tt.
412 5105 537 5179 ipaorore
551 5114 689 5178 peecatum.
703 5105 756 5165 Sed
776 5109 837 5180 quia
889 5098 1492 5174 tuatnrmro.1u'Deo,iuquit‚aperoio,·uou
1513 5100 1604 5153 timebo
1614 5099 1677 5170 qaid

141 5212 170 5253 m
182 5197 209 5252 in
221 5211 301 5253 carue
312 5240 320 5264 ,
333 5212 384 5267 ego
395 5213 453 5253 sum
468 5200 496 5254 in
512 5208 620 5266 meute;
633 5200 681 5257 sed
693 5200 777 5273 magis
788 5217 839 5274 ego
889 5199 967 5273 [oeiot
986 5196 1048 5252 ruiti
1060 5211 1130 5250 euro.
1148 5194 1224 5250 Sient
1244 5206 1293 5248 neo
1311 5190 1408 5255 aliem,
1429 5189 1464 5244 it:
1474 5204 1524 5244 uec
1538 5202 1608 5244 meo.
1627 5189 1678 5256 Oui

142 5296 264 5356 amente,
277 5303 356 5360 uuam
369 5288 395 5344 iu
409 5304 498 5346 carne.
512 5289 577 5359 Quia
592 5292 662 5347 enim
676 5307 726 5365 ego
737 5306 796 5349 sum
810 5294 839 5348 iu
890 5306 954 5362 ergo
967 5291 994 5346 iu
1006 5303 1036 5345 se
1053 5289 1113 5375 haee
1131 5287 1202 5358 agit,
1214 5284 1279 5341 nihii
1298 5282 1380 5338 taciti
1389 5282 1499 5340 uultum
1520 5281 1583 5337 iacit
1597 5298 1605 5335 ε
1620 5298 1680 5336 um-

141 5396 214 5454 ,esso
226 5396 288 5439 snm
309 5380 337 5437 in
349 5392 458 5454 regente
473 5403 482 5440 ε
496 5398 573 5440 mens
594 5385 666 5442 euim
678 5387 746 5458 regit
756 5426 765 5454 ,
776 5400 839 5443 caro
889 5396 971 5455 gnum
986 5389 1028 5437 εει
1042 5378 1114 5452 quod
1123 5376 1197 5444 iacit,
1206 5376 1252 5432 sed
1263 5384 1350 5431 tamen
1366 5389 1421 5429 uou
1433 5372 1546 5443 perficit.
1556 5370 1624 5439 Quid
1639 5383 1681 5429 est

142 5488 167 5528 r:
180 5480 209 5530 ει
222 5472 307 5544 magis
318 5487 377 5529 sum
396 5488 446 5547 ego
459 5478 486 5531 iu
497 5487 531 5532 eo
549 5491 603 5548 quo
619 5490 700 5549 rego,
713 5491 792 5548 quem
810 5479 840 5535 in
874 5475 962 5532 enim
976 5470 1252 5545 pernoscendum,
1265 5483 1350 5532 mors,
1365 5467 1491 5523 contentio
1513 5466 1576 5521 tau!
1599 5464 1678 5534 Eupo.

142 5579 188 5637 pto
200 5579 288 5636 regor.
297 5563 365 5634 Quia
374 5581 438 5638 ergo
447 5566 531 5638 magu
543 5581 595 5638 epo
606 5566 632 5622 in
641 5576 733 5625 menie
743 5585 750 5623 ι
761 5565 840 5625 Neue
895 5566 966 5626 Velie
978 5567 1079 5638 adjacet
1092 5564 1164 5630 uuiti,
1186 5562 1307 5635 perficere
1319 5569 1403 5613 autem
1415 5557 1507 5613 bouum
1523 5573 1584 5611 nou.

142 5660 197 5732 ima
210 5674 417 5731 muepooperor
428 5660 503 5717 iliud.
517 5658 696 5731 Nuacautem,
707 5662 770 5736 qnid
782 5664 840 5723 esti
928 5662 973 5720 ts.
983 5659 1059 5716 idem
1073 5666 1193 5715 ιεεειειεν
1209 5661 1395 5726 orpumeaturu.
1415 5681 1451 5694 -
1463 5648 1524 5705 Nou
1536 5650 1602 5704 erim
1614 5648 1680 5718 quod
