3728 6276
56 292 120 350 lter
734 283 849 342 settim
866 281 1037 343 mxlii.
1623 285 1693 344 lem

56 423 106 463 uos
117 426 124 460 :
136 403 271 477 eccequid
286 413 336 459 est.
355 401 474 458 Breviter
488 399 624 470 peantium
639 406 760 452 nostrum
775 396 843 453 delt-
900 398 988 455 adhnc
1008 400 1146 463 hominus.
1167 408 1194 456 et
1212 400 1303 459 decuit
1328 400 1416 456 adltue
1429 419 1435 454 :
1448 410 1573 472 tanquam
1593 399 1696 458 dicere·

57 500 141 552 tritium
164 507 205 552 est
229 511 277 567 per
297 495 453 566 prophetam
467 510 474 546 t
488 489 746 556 erotttorumheue,
761 491 847 550 ctiori
899 508 960 547 mus
972 493 1008 559 ei,
1024 493 1057 548 Et
1069 493 1202 563 quomodo
1217 508 1266 548 nos
1279 493 1406 559 dilexisti,
1427 503 1456 548 ut
1475 496 1692 549 sciamosetnos

56 600 129 644 ernau
143 589 206 641 urilti
215 587 282 647 utem
297 585 387 659 (berit.
402 599 477 649 nur,
492 583 542 649 lm
557 582 578 637 ΙΙ
589 581 648 638 Cor.
669 598 705 651 vt,
724 581 779 652 lb).
793 580 845 636 Ero
900 584 1123 654 quemadmodum
1138 599 1187 640 rios
1200 583 1312 656 diligere
1325 583 1617 641 debeanruslhudite:
1637 582 1695 637 liu·

56 683 160 736 illorum
181 679 250 734 Deru
265 694 274 731 .·
287 677 425 748 premium
448 676 526 731 uobis
549 689 579 731 se
604 675 690 745 ipsum
712 672 845 746 promisit.
895 678 980 750 jarem
1001 679 1049 732 une
1066 678 1215 731 cumrerum
1235 695 1308 733 ‚nme
1329 678 1413 745 haber,
1434 694 1510 749 qnam
1533 686 1562 734 u
1580 676 1695 732 aim

57 774 155 841 Quaere
172 770 260 835 aliud,
274 771 296 824 si
312 767 446 823 inveneris
458 766 563 822 melius.
587 764 616 821 st
630 764 767 830 dicerem,
782 763 847 818 Pro·
899 784 973 821 ruam
983 779 1062 838 poam
1072 786 1118 838 pro
1129 770 1216 824 crucis
1236 771 1288 826 ruis
1300 771 1389 842 (donn.
1406 786 1452 837 xv,
1468 770 1512 833 ιι,
1528 770 1587 839 lb).
1599 766 1645 827 Sic
1657 767 1691 824 di

57 865 132 919 misit
144 877 256 927 aurum;
271 860 419 932 gauderes:
435 872 465 914 se
479 857 611 928 promisit,
623 866 651 912 et
663 855 805 912 tristises?
818 853 847 910 Si
900 858 974 930 ligite
988 859 1117 926 inuicem,
1133 869 1162 914 ut
1183 863 1364 933 unusquisque
1388 863 1504 917 animam
1525 876 1601 918 suam
1611 870 1691 932 ponat

56 957 133 1012 diues
146 957 228 1011 heum
246 969 299 1009 non
315 952 407 1017 babet,
421 951 484 1022 quid
503 948 602 1006 babet?
616 949 704 1004 Nolite
718 946 847 1019 aliquida
901 965 950 1020 pro
960 952 1072 1007 caeteris.
1087 952 1143 1007 Hoc
1162 953 1233 1008 enim
1258 963 1390 1025 martyres
1412 953 1552 1020 secentur,
1572 950 1644 1025 quod
1666 962 1693 1008 el

58 1049 115 1105 ileo
128 1063 264 1118 quaerere;
279 1046 330 1101 nisi
341 1046 435 1100 heum.
451 1043 540 1099 Gratis
550 1051 651 1109 amate,
668 1056 698 1097 se
712 1041 798 1096 solnm
814 1038 848 1095 ab
901 1042 1084 1113 ipscloannes
1097 1045 1260 1116 evangelista
1281 1045 1307 1101 in
1323 1045 1442 1116 epistota
1457 1060 1505 1102 sua
1519 1043 1585 1102 dicit
1599 1062 1607 1099 ι
1619 1043 1692 1103 Sicut

57 1141 105 1196 illo
124 1140 272 1196 desiderum
287 1140 307 1192 ¹.
330 1136 417 1193 Nolite
436 1137 530 1192 timere
549 1136 665 1204 inopiam
681 1152 688 1188 :
704 1132 751 1188 dat
764 1147 795 1189 se
809 1131 849 1202 ip-
900 1132 1015 1190 Chrittur
1026 1135 1223 1190 animamrunm
1234 1153 1280 1209 pro
1300 1136 1371 1191 nohis
1386 1136 1480 1208 posuit,
1490 1134 1528 1191 cic
1540 1145 1566 1192 ιι
1582 1151 1630 1194 aar
1646 1133 1694 1190 de·

57 1246 117 1287 snm
132 1229 225 1296 nobis,
240 1239 268 1285 et
282 1227 379 1284 suflicit
401 1227 489 1286 nobis.
505 1225 556 1282 Det
571 1239 602 1281 se
615 1225 703 1295 ipsum
715 1223 808 1289 nobis,
821 1228 850 1278 et
902 1225 987 1280 beram
999 1226 1098 1281 anim
1111 1235 1211 1282 nostra
1225 1243 1272 1296 pro
1286 1225 1407 1300 patribus
1417 1241 1511 1297 ponem
1520 1224 1549 1303 (Ι
1558 1217 1638 1293 lent·
1649 1238 1693 1293 ιιι,

57 1320 269 1378 subiciatuobis
282 1319 433 1390 Philippum
446 1315 596 1388 apostolum
611 1315 701 1372 audite
721 1313 851 1370 inlisae·
903 1318 957 1392 16).
972 1320 1107 1377 Arundinis
1127 1320 1161 1376 ad
1186 1335 1305 1376 mensam
1335 1321 1452 1391 potentis
1467 1338 1476 1376 ς
1490 1302 1576 1376 nnstin'
1600 1316 1696 1375 fideles

58 1413 129 1484 gello
145 1431 152 1466 t
167 1409 401 1476 ὒῠιιῑιθιοιῑθιῐᾶθ
424 1407 495 1463 ’¹⁰⁶5‘
510 1405 847 1478 Pfllfssmtssmffldllwlst
900 1410 1033 1481 adquam
1049 1426 1169 1467 mensam
1186 1411 1313 1468 acceditis
1330 1431 1337 1467 z
1352 1412 1463 1469 recolite
1472 1410 1640 1482 Scriptorum
1649 1408 1693 1466 dt·-

60 1503 148 1577 (docu.
161 1520 215 1569 xiv,
233 1502 273 1574 8).
900 1511 1024 1568 centem,
1037 1499 1102 1557 Cum
1125 1503 1225 1557 accedis
1244 1502 1279 1557 ad
1301 1519 1414 1557 ntenanm
1427 1504 1545 1574 potentis,
1556 1503 1694 1574 scitoque·

94 1595 207 1652 carim
227 1594 354 1652 v1.-5.
375 1595 453 1651 Arari
472 1602 594 1666 martyres
607 1593 673 1648 curi.
695 1590 764 1661 Quid
785 1606 849 1662 ergo
901 1595 970 1648 nient
984 1605 1116 1665 oportctte
1128 1597 1347 1667 telioproepnrore
1361 1594 1452 1668 (Pror.
1465 1612 1542 1665 xxttr,
1558 1596 1584 1663 l,
1596 1593 1638 1670 Ξ).
1652 1593 1694 1651 hd

58 1686 322 1752 mirantum-atres,
333 1686 357 1742 si
365 1695 499 1742 amatores
510 1685 557 1740 bei
566 1695 697 1757 martyres
706 1691 778 1737 tanta
792 1697 852 1754 per·
902 1701 980 1756 quarn
996 1701 1115 1742 mensam
1140 1688 1255 1757 potentis
1268 1686 1392 1761 accedis?
1406 1687 1459 1757 Qui
1477 1688 1522 1743 tibi
1542 1686 1653 1744 exhibet
1664 1700 1696 1743 se

59 1780 176 1835 tulerunt
188 1820 196 1845 ,
207 1788 236 1835 ut
248 1780 418 1850 acquirerent
429 1777 678 1834 beumlhmatores
688 1776 746 1832 auri
759 1776 847 1831 videte
902 1777 1007 1848 ipsum,
1021 1794 1074 1835 uon
1088 1794 1209 1835 mensam
1220 1795 1367 1851 coqnurum
1379 1790 1437 1835 arte
1448 1780 1583 1836 conditam
1597 1777 1692 1836 tesbi·

59 1881 158 1942 quanta
177 1870 319 1940 patiantur.
341 1870 507 1926 lliemalibus
526 1869 715 1941 asperitatibus
735 1884 765 1924 se
777 1869 851 1923 nari·
902 1869 948 1925 bet
960 1871 1007 1926 tibi
1018 1870 1142 1928 Christus
1155 1887 1231 1927 suam
1242 1887 1373 1939 mensam,
1396 1871 1500 1927 scilicet
1511 1870 1695 1942 semetipsum.

60 1964 147 2035 gando
159 1963 329 2019 committunt
342 1982 349 2017 :
361 1962 651 2029 siclerrentataritia,
668 1971 697 2017 ut
715 1962 786 2017 nulla
797 1960 851 2015 lur-
902 1963 1008 2020 decede
1028 1963 1062 2018 ad
1081 1962 1149 2019 hano
1164 1978 1302 2030 mensam,
1317 1974 1341 2018 ct
1358 1973 1488 2018 saturare.
1502 1962 1568 2018 Esto
1581 1975 1693 2032 pauper,

60 2054 163 2110 mident
173 2053 287 2125 irigora;
301 2053 435 2125 jactantur
451 2055 545 2120 uentis,
558 2054 792 2124 suspendunturet
803 2051 851 2106 de·
903 2065 931 2111 ct
942 2055 1113 2112 saturaberis.
1128 2053 1212 2110 Edem
1225 2072 1359 2127 pauperes,
1375 2064 1398 2109 et
1413 2053 1595 2109 saturabuntur
1608 2050 1695 2124 (Pani.

61 2146 212 2217 primuutur
222 2146 360 2214 uncubns3
380 2146 556 2202 ineffabilibus
569 2147 695 2216 periculis
713 2161 797 2216 usque
818 2145 852 2199 ad
903 2163 959 2211 ur,
974 2146 1031 2219 Ἢ).
1044 2145 1115 2202 Scito
1129 2146 1249 2216 quonium
1261 2147 1322 2199 talio
1340 2157 1363 2200 te
1379 2154 1477 2215 oportet
1489 2159 1644 2214 preparare.
1661 2141 1696 2198 tit

61 2245 174 2292 utonem
199 2237 341 2308 agitantur.
366 2237 460 2293 Dicant
483 2244 511 2293 ct
525 2236 575 2307 ipsi
595 2251 679 2299 auro,
700 2235 810 2307 Propter
829 2245 854 2289 te
904 2237 1052 2307 intelligas,
1066 2237 1194 2293 loannem
1208 2237 1387 2308 expositorem
1400 2235 1518 2292 attende.
1535 2233 1696 2289 Porteen'tm

61 2329 364 2400 mortifieumurtotadie.
380 2330 476 2385 Dicant
497 2339 630 2401 martyres
649 2327 771 2394 Christo,
788 2326 852 2381 Pro-
904 2327 1043 2382 nesciebas
1055 2327 1119 2397 quid
1131 2329 1185 2395 sit,
1200 2324 1265 2382 Cum
1283 2328 1381 2403 accedis
1399 2327 1434 2381 ud
1447 2342 1558 2382 ntenanm
1570 2325 1697 2396 potoriis,

62 2431 118 2492 pter
132 2431 156 2476 te
172 2421 355 2489 mortificamur
369 2431 420 2476 tota
434 2422 484 2476 die.
495 2421 552 2475 Vox
567 2421 673 2491 quidem
686 2417 852 2476 estsimilis:
904 2418 966 2472 scito
978 2419 1097 2488 quoniam
1107 2418 1169 2472 talio
1182 2428 1205 2472 te
1216 2429 1313 2491 oportet
1324 2435 1480 2490 preparare.
1500 2417 1569 2472 hntli
1588 2416 1699 2489 exposi-

62 2510 110 2567 sed
122 2521 253 2568 causaest
267 2513 345 2568 raldo
358 2511 504 2567 dissimilis.
519 2513 588 2567 Ecce
601 2512 707 2580 utrique
718 2509 853 2574 dixerunt,
905 2516 990 2562 torem
1003 2526 1011 2562 τ
1026 2508 1099 2563 Sicut
1118 2507 1233 2563 Cluistur
1243 2509 1354 2562 nnirnnm
1369 2525 1441 2562 suant
1461 2524 1507 2578 pro
1518 2507 1589 2562 nobis
1603 2506 1698 2579 poerit,

62 2602 107 2658 isti
119 2601 283 2670 clamantib
295 2619 372 2667 auro,
388 2601 498 2673 Propter
510 2603 725 2671 temortipcumur
736 2609 788 2654 totu
800 2598 852 2652 die.
905 2598 977 2652 sicet
1000 2614 1045 2653 noc
1064 2598 1179 2653 debemur
1200 2598 1262 2654 talia
1287 2613 1447 2669 prarpamre.
1473 2597 1543 2667 Quid
1562 2584 1621 2665 esi,
1635 2597 1699 2654 lalia

63 2694 235 2766 Respondeat
248 2694 371 2749 Christus
388 2694 443 2748 suis
455 2693 631 2764 martyribus,
651 2691 679 2746 Si
703 2688 854 2744 moriemini
907 2691 1078 2763 praeparare?
1099 2691 1204 2745 Anium
1217 2708 1265 2763 pro
1280 2691 1401 2762 scurrilem
1412 2707 1514 2760 ponere.
1611 2684 1618 2696 '
1702 2699 1704 2705 ·

62 2801 114 2858 pro
127 2801 188 2852 me,
208 2793 235 2841 et
248 2799 296 2840 ros
311 2785 452 2840 inuenietis
465 2795 493 2840 et
506 2799 560 2839 me.
583 2781 753 2853 Respondeat
766 2789 855 2836 autem
942 2805 970 2861 5·
995 2802 1112 2859 chapp„
1136 2801 1187 2858 Μ
1211 2804 1317 2858 donum,
1345 2802 1380 2860 qq
1400 2801 1574 2867 palmetis,
1598 2814 1702 2873 ml„

63 2891 158 2931 aulum
171 2876 269 2941 illlis·
284 2874 312 2931 Si
328 2874 547 2947 niusfflssilelffls
561 2888 608 2944 P¹⁰
619 2888 676 2937 ¹¹¹0·
691 2881 718 2928 ⁶¹
731 2886 779 2927 ‘⁰⁵
798 2886 857 2941 W·
907 2894 1043 2953 accessisti
1058 2913 1065 2948 :
1082 2895 1152 2951 unde
1161 2895 1223 2951 talia
1235 2894 1420 2966 praeparabis?
1433 2894 1473 2950 hb
1487 2895 1544 2965 ipso
1556 2892 1602 2964 qui
1618 2902 1647 2949 te
1659 2892 1702 2947 in-

63 2968 135 3024 detis
146 2976 174 3024 et
184 2982 237 3024 me.
253 2971 380 3024 Amantes
394 2983 458 3040 ergo
472 2977 500 3023 et
510 2968 659 3031 imitantem
676 2980 730 3021 non
740 2965 856 3020 inaniter
908 2987 1000 3040 ,imp
1010 2994 1087 3056 pete,
1104 2992 1135 3040 „g
1160 2984 1259 3040 gabe„
1279 2984 1350 3040 unqe
1372 2984 1444 3039 quum
1459 2998 1563 3053 pascas,
1576 2980 1632 3039 png
1643 2982 1703 3053 5930

63 3070 200 3126 amantes,
217 3059 264 3116 sed
283 3069 406 3116 amantes
424 3069 452 3116 et
465 3060 618 3125 imitantes,
632 3057 691 3113 dies
708 3066 856 3130 martyrum
909 3078 956 3133 figi
976 3076 1095 3144 pedem,
1118 3076 1185 3132 „qqg
1210 3074 1404 3132 h2g0g13‚ggq
1423 3074 1505 3130 gagg,
1520 3074 1576 3144 jam
1598 3073 1700 3145 ,ἥψω

63 3153 240 3219 celebremus,
251 3163 279 3209 et
291 3163 371 3209 arstns
386 3154 451 3208 istos
464 3162 589 3215 nostros,
610 3151 769 3222 gaudiorum
784 3148 859 3205 reiri·
908 3169 1066 3227 chaman„
1078 3168 1134 3226 Nec
1156 3168 1207 3225 hoc
1229 3169 1276 3223 ,pp
1291 3169 1429 3238 imputes.
1447 3167 1516 3238 Quid
1535 3168 1602 3223 mim
1624 3166 1702 3222 gage,

63 3245 140 3315 gerio
152 3245 314 3316 mitigemus.
324 3245 390 3301 Cum
404 3247 456 3301 iilis
465 3247 535 3301 enim
546 3246 604 3301 sine
615 3246 668 3301 tine
674 3244 855 3316 regnabimus,
908 3262 977 3334 quod
986 3279 1037 3317 m„
1050 3261 1168 3332 ,mppr
1193 3260 1214 3333 (ι
1236 3258 1296 3316 gor,
1316 3276 1353 3325 w,
1369 3260 1417 3329 pr
1431 3259 1520 3316 gagg,
1529 3259 1586 3330 jam
1599 3256 1703 3330 quiquid

64 3335 91 3390 si
102 3349 150 3391 cos
160 3335 274 3392 bdeliter
285 3345 312 3392 et
325 3352 379 3392 nou
392 3338 506 3394 inaniter
517 3337 668 3408 diligamus.
909 3354 1066 3411 „pappum
1078 3353 1143 3409 pege
1158 3361 1187 3408 ,η
1200 3358 1310 3424 augeat,
1331 3359 1393 3423 pege
1417 3359 1447 3407 „g
1472 3349 1612 3422 pergem,
1633 3364 1704 3420 quo.

261 3467 377 3525 sffluto
395 3467 579 3524 cccxxxii·
595 3469 645 3541 (α),
909 3460 994 3516 usque
1009 3444 1148 3515 pervenias
1160 3441 1193 3497 ad
1208 3442 1281 3497 illam
1295 3456 1414 3498 mensam
1427 3482 1435 3507 ,
1449 3456 1500 3511 qua
1514 3439 1600 3512 major
1612 3438 1640 3495 in
1654 3439 1705 3495 hac

310 3580 610 3646 mmmmm·
910 3537 963 3592 vita
976 3551 1030 3591 uon
1052 3545 1104 3592 cst.
1131 3533 1259 3606 Maiorem
1279 3536 1327 3588 hnc
1351 3534 1498 3588 charitatem
1521 3548 1595 3588 nemo
1617 3531 1702 3598 mter,

464 3690 494 3702 Η
536 3689 542 3704 ,
576 3690 615 3702 ..
684 3689 710 3702 ..
799 3689 806 3704 ι
842 3689 850 3703 ·
909 3645 985 3700 quarn
994 3637 1023 3681 ιιι
1035 3628 1147 3682 animum
1159 3643 1234 3682 suam
1246 3635 1324 3698 ponat
1337 3643 1384 3697 pro
1403 3626 1564 3680 nnuciecut'c.
1580 3624 1703 3681 Accessi-

102 3692 130 3747 *
156 3690 283 3764 “mim
318 3691 386 3746 “m
410 3703 494 3744 mm
521 3689 625 3745 “m'‘
654 3688 768 3762 mmm
796 3705 858 3745 ’Μ
909 3718 944 3775 sti
958 3733 1068 3788 pauper,
1081 3716 1185 3773 recedis
1198 3714 1294 3772 dives:
1311 3715 1365 3769 trun
1379 3711 1567 3775 nonrecedis,
1581 3713 1702 3769 sedura·

910 3807 999 3863 nendo
1013 3807 1088 3862 diues
1099 3807 1164 3862 eris.
1185 3806 1226 3861 hb
1241 3805 1288 3861 illo
1303 3815 1436 3874 martyres
1449 3810 1611 3874 acceperunt
1629 3801 1702 3880 quod

910 3914 960 3969 pru
972 3899 1018 3954 illo
1034 3899 1106 3968 passi
1124 3907 1187 3953 suut
1199 3915 1206 3951 :
1220 3897 1339 3962 credite;
1354 3896 1447 3951 abillo
1468 3903 1640 3966 acceperunt.
1655 3893 1705 3950 Pa·

910 3993 1066 4049 teriamilias
1079 3993 1153 4049 dedit
1167 3993 1218 4049 illis
1242 3993 1312 4048 unde
1336 3992 1411 4048 illurn
1437 4000 1588 4063 pascerent.
1613 3988 1703 4061 ipsum

910 4087 1055 4151 habemus,
1066 4085 1100 4142 ab
1113 4085 1172 4155 ipso
1185 4094 1316 4156 petarmm.
1334 4082 1403 4138 Etsi
1423 4082 1545 4152 accipere
1557 4080 1646 4138 minus
1659 4079 1703 4135 tli-

909 4177 955 4249 gni
969 4191 1078 4242 sumus,
1105 4190 1154 4247 per
1173 4175 1275 4229 amicos
1290 4173 1389 4244 ipsius,
1414 4171 1459 4242 qui
1484 4186 1546 4226 eum
1570 4169 1605 4226 de
1618 4169 1705 4241 ipsius

910 4268 982 4324 dono
998 4275 1147 4337 paverunt,
1164 4276 1294 4336 petamus.
1318 4264 1404 4321 Orent
1418 4264 1469 4334 ipsi
1491 4276 1541 4334 pro
1564 4261 1660 4327 nobis,
1676 4269 1706 4316 ut

910 4357 991 4413 donet
1001 4366 1029 4412 et
1041 4358 1127 4412 nobis.
1142 4357 1177 4412 Et
1189 4365 1218 4412 nt
1238 4358 1296 4427 plus
1312 4356 1475 4422 babeamus,
1495 4353 1530 4409 dc
1543 4351 1613 4408 coelo
1632 4352 1705 4406 acci·

910 4452 1006 4519 pimus.
1022 4448 1151 4504 loannem
1166 4449 1231 4504 audi<
1239 4462 1429 4518 precursorem
1442 4447 1536 4516 ipsius.
1551 4444 1612 4501 Non
1623 4455 1703 4514 potest

910 4544 984 4596 ltouto
1003 4543 1116 4612 occipere
1128 4540 1283 4612 quidquam.
1298 4541 1347 4594 nisi
1366 4541 1442 4610 [uerit
1455 4540 1481 4593 ei
1495 4539 1583 4592 dutum
1601 4538 1705 4594 cecato

911 4636 1000 4705 (loun.
1021 4650 1061 4695 ru,
1087 4633 1143 4700 ιη.
1172 4632 1242 4703 Ergo
1263 4640 1290 4686 et
1316 4631 1386 4701 quod
1407 4631 1554 4695 babemus,
1575 4627 1611 4686 de
1636 4629 1706 4685 coelo

910 4728 1078 4798 accepimus;
1101 4735 1128 4780 et
1154 4733 1183 4779 ut
1203 4724 1264 4794 plns
1284 4723 1446 4788 babeamus,
1461 4720 1495 4777 de
1508 4721 1580 4778 coelo
1604 4719 1704 4790 accipi-

910 4835 980 4873 mus.

945 4911 972 4965 d.
984 4909 1162 4964 Fornicutorer
1173 4924 1224 4962 non
1237 4923 1290 4962 esse
1301 4906 1438 4961 intraturos
1450 4905 1478 4959 iu
1499 4903 1625 4960 cebetem
1644 4902 1694 4958 ciri

910 5013 997 5063 tutem
1011 5003 1068 5074 lpsa
1081 5012 1121 5058 est
1141 5001 1234 5057 civitas
1248 4999 1271 5066 ¹,
1280 5014 1339 5070 que
1353 4997 1387 5053 de
1400 4998 1470 5053 coelo
1484 4995 1623 5052 descendit
1637 5011 1645 5049 :
1662 5002 1701 5049 ta·

911 5098 950 5153 les
960 5098 1061 5161 simus,
1073 5104 1102 5149 ut
1112 5098 1241 5148 intremus
1263 5092 1289 5145 iu
1303 5105 1373 5145 eam.
1395 5088 1513 5143 erudistis
1527 5087 1599 5144 enirn
1612 5084 1704 5157 quates

911 5189 1029 5252 intrent,
1042 5185 1134 5256 quales
1147 5199 1201 5239 non
1215 5184 1325 5237 intrent.
1338 5179 1425 5235 Nolite
1437 5194 1498 5234 esse
1514 5177 1596 5241 tales,
1610 5175 1704 5247 quales

912 5295 965 5335 non
988 5279 1132 5332 intraturos
1151 5275 1280 5339 audistis3
1301 5274 1416 5328 maritare
1437 5269 1622 5324 tornicatoree
1637 5265 1704 5322 Nam

65 3797 120 3836 cem
129 3781 247 3851 jubemur
264 3790 368 3852 propter
391 3797 497 3852 regnum
518 3778 577 3834 Dei.
599 3779 712 3848 Quando
726 3779 856 3837 bonorem

66 3876 230 3947 martyribus
243 3874 419 3942 exhibemus,
433 3873 533 3928 Christi
557 3873 657 3928 amicos
684 3872 857 3928 honoramus.

66 3965 190 4032 Quaeritis
201 3980 261 4036 quae
282 3979 361 4019 causa
375 3980 422 4020 eos
437 3965 539 4017 amicos
552 3961 651 4018 Christi
670 3962 782 4019 feeerit?
799 3961 859 4033 lpse

66 4055 189 4111 Christus
200 4053 318 4110 ostendit
333 4072 340 4108 :
352 4057 389 4109 alt
398 4054 479 4121 euim,
489 4052 546 4108 Hoc
556 4062 592 4107 eet
602 4062 857 4125 preceptuntmemn,

66 4157 95 4201 ιιι
108 4146 220 4218 diligatis
243 4147 358 4202 inuicem.
379 4138 495 4217 Diligunt
517 4145 630 4201 invicem
650 4145 696 4214 qui
715 4144 859 4200 histriones

66 4237 147 4295 simul
161 4247 297 4309 spectant,
314 4237 427 4308 diligunt
441 4237 554 4292 inuicem
571 4237 616 4307 qni
637 4234 716 4290 simul
726 4249 758 4292 se
772 4234 799 4290 in
812 4250 859 4306 po·

67 4329 138 4401 pinis
148 4328 295 4394 inebriant,
310 4329 423 4399 diligunt
437 4328 550 4383 invicem
566 4327 634 4382 mala
647 4326 697 4382 sibi
715 4327 859 4382 conscien-

67 4423 103 4477 tia
116 4421 219 4477 sociati.
232 4421 299 4476 Cum
312 4436 376 4490 ergo
392 4420 503 4475 dixisset
515 4419 655 4484 Christus,
673 4417 729 4473 lloc
744 4428 778 4473 eat
792 4433 859 4488 pre·

65 4524 166 4585 ceptum
178 4528 271 4576 ramur,
282 4523 310 4566 ut
322 4512 435 4583 diliqatia
452 4512 572 4575 inuicem,
586 4509 678 4565 debuit
694 4511 859 4580 distinguere

66 4604 248 4661 dilectionem.
267 4603 342 4659 Fecit
360 4604 451 4673 utique
465 4602 585 4658 :audite
599 4601 665 4656 cnm
686 4603 757 4657 euim
772 4601 857 4656 diris-

65 4704 119 4763 set,
136 4693 194 4750 Bne
214 4704 250 4750 eat
272 4703 428 4767 preceptum
443 4709 536 4758 utrum,
560 4702 588 4746 ut
607 4692 719 4763 diligatis
736 4691 842 4745 inuicem
848 4706 859 4755 ‚·

66 4802 130 4841 ruer
142 4785 242 4842 addidit
252 4787 318 4841 sicut
329 4803 375 4855 eqo
385 4785 463 4840 ditem
481 4801 536 4839 oea.
552 4782 596 4839 Sic
616 4782 718 4853 diligito
730 4783 857 4849 inuicem,

67 4885 177 4947 propter
187 4892 298 4948 regnum
313 4877 379 4943 liei,
394 4884 502 4946 propter
515 4876 595 4929 vitam
608 4883 746 4929 eternam.
761 4879 856 4929 amate

66 4966 162 5035 simul,
173 4967 220 5023 sed
234 4982 288 5023 me.
301 4967 435 5023 Amaretis
453 4964 580 5026 invicem,
596 4966 619 5020 si
637 4963 715 5020 simul
732 4965 858 5035 diligere·

66 5060 102 5116 tis
117 5059 272 5140 histrionem
287 5078 294 5114 :
310 5060 394 5131 magis
403 5060 506 5130 diligite
516 5059 640 5123 inuicem,
652 5059 731 5114 simul
742 5058 857 5113 aniatrdo

64 5167 129 5210 euna
143 5154 188 5223 qui
201 5152 342 5225 displicere
353 5155 364 5185 ⁸
376 5169 428 5208 non
443 5162 542 5223 potest,
556 5152 733 5209 saluatorem.

100 5245 130 5301 2.
146 5243 274 5313 Quartum
293 5245 398 5316 diligere
417 5245 523 5299 inuicem
542 5244 714 5315 precipimur.
738 5243 857 5300 Accessit

97 5420 217 5495 'Ilm’
228 5418 436 5482 malummbitis,
448 5418 471 5473 ri
481 5419 558 5472 colum
569 5427 646 5472 beron
663 5419 693 5471 ab
707 5415 858 5470 illo-deside·

62 5482 157 5598 ’Ἢ
162 5544 279 5597 meliores
287 5551 341 5596 itas.
354 5551 382 5597 tt
392 5543 545 5603 eemundus,
556 5542 684 5607 dispicere.

94 5631 106 5650 '
119 5629 261 5678 emendatus
271 5626 300 5677 ad
310 5627 335 5676 d.
355 5640 377 5676 r.
389 5634 407 5676 ι.
420 5640 444 5678 v.
457 5634 483 5677 et
499 5627 529 5676 ad
545 5629 612 5677 sirm.

106 5691 133 5752 e)
145 5689 216 5750 abas,
224 5691 289 5742 inter
297 5688 474 5739 sirmondiauns
484 5688 522 5737 m.

106 5750 131 5814 h)
142 5753 252 5804 citatura
262 5751 324 5804 beda
333 5750 361 5803 ad
372 5756 380 5800 1
391 5756 442 5802 ῦα.
456 5765 495 5801 ιιι.

942 5438 951 5471 ¹
964 5434 1115 5484 sirmondus:
1132 5441 1185 5496 tpan
1191 5439 1227 5483 est
1236 5430 1351 5482 circuitus.
1365 5436 1393 5478 ιι
1404 5437 1471 5478 stas:
1487 5436 1542 5491 ipsu
1553 5423 1705 5498 atelebos:

909 5500 989 5562 aptius
1005 5496 1113 5558 prolecm
1123 5496 1152 5544 ad
1163 5496 1338 5556 subsequentia
1354 5492 1444 5550 uerba,
1463 5503 1519 5553 quau
1530 5498 1657 5558 respucere
1668 5500 1705 5536 tu-

909 5562 998 5609 dentur
1009 5559 1139 5608 lectionem
1149 5556 1313 5619 apocalypsis,
1325 5567 1378 5615 mp.
1390 5552 1429 5601 et.
1447 5552 1493 5601 sed
1515 5562 1605 5600 resera
1626 5560 1706 5598 rmum

909 5622 1017 5671 maeret
1027 5634 1082 5669 cum
1091 5619 1172 5668 uerbis
1183 5618 1350 5680 superioribus
1358 5629 1365 5671 ς
1373 5613 1439 5677 quod
1450 5621 1595 5676 argtrmerttu
1603 5617 1643 5662 est
1652 5620 1705 5661 ser·

910 5697 1020 5796 [ιιοιιιῶιιιΙ
1031 5685 1056 5733 iu
1076 5683 1243 5742 lectionariis,
1261 5694 1275 5730 e
1295 5680 1383 5741 quibus
1394 5684 1479 5728 erutus
1491 5683 1544 5737 cst,
1564 5684 1613 5725 ιιοιι
1628 5675 1706 5726 wilm

912 5760 959 5797 cur
987 5757 1032 5794 ert.
