3728 6276
120 214 173 275 en
735 213 764 271 s.
784 210 966 271 cucusum
980 204 1135 270 smmum
1701 208 1749 282 qq

119 325 303 385 mue-doun
312 327 471 400 corporalis,
484 326 652 385 commisceri
665 324 728 383 lecit
737 324 854 382 animum
866 325 907 380 ris
960 326 1005 396 qui
1017 327 1118 381 amicus
1131 341 1191 382 esse
1203 326 1317 385 noluerit
1330 327 1432 385 mundi.
1447 329 1489 387 id
1504 331 1557 388 boc
1574 332 1657 388 etiam
1671 340 1747 406 pern-

118 420 215 492 inqcut
226 419 345 478 libidinis
355 436 416 477 cum
429 421 489 492 ipso
502 434 625 492 corpore,
637 428 666 477 et
680 434 761 475 unum
773 435 834 476 cum
849 421 909 490 ipso
961 426 1007 473 net
1024 418 1095 488 quod
1116 417 1244 474 Dominus
1258 419 1285 475 in
1305 420 1451 492 Evarrqclio
1466 422 1552 480 dicit:
1570 422 1655 479 Nono
1671 436 1745 497 poten

117 511 235 582 quodum
246 512 327 569 modo
338 512 495 584 agglutinari
508 520 536 569 et
545 511 697 569 devinctum
714 526 791 579 esse3
807 510 834 567 in
847 522 908 567 tan·
960 509 1057 565 dnobus
1070 509 1179 565 dmninin
1198 511 1309 567 seruire:
1322 520 1366 566 aut
1384 514 1451 568 edm
1471 530 1550 569 mnu
1568 514 1629 571 odio
1641 514 1743 587 laeti,

119 611 176 660 tum
186 603 290 661 etnlbll
302 603 374 660 abiud
387 604 446 675 ipso
455 612 626 661 ruomentoet
635 604 819 674 experimento
831 602 908 674 brrjus
960 610 984 656 rt
994 601 1103 655 altmm
1116 600 1222 673 dlliqet‚·
1239 611 1284 656 nat
1302 619 1379 657 unum
1393 605 1512 675 peliatu,
1526 612 1554 660 et
1570 604 1680 661 niterent
1691 624 1745 663 ιιι-

119 701 174 751 tum
193 695 281 766 meqm
294 694 386 767 dnqltii
404 695 522 767 cogitare
536 695 638 751 bomini
656 696 744 761 licoat,
758 705 803 749 aut
821 695 910 750 inten-
961 701 1061 748 temnet.
1091 693 1125 748 Et
1148 694 1283 750 concludit
1297 711 1305 749 ε
1319 692 1380 750 Non
1402 697 1506 766 potentie
1525 694 1583 753 Dea
1608 698 1743 756 ιιηίιιιι

116 785 195 854 dere,
205 787 257 844 nisi
269 789 340 860 quod
354 788 462 846 tibimet
474 789 574 846 addicit
588 797 717 849 menum.
730 802 809 860 quam
821 786 907 858 capri·
961 799 1110 839 cromanae
1123 783 1227 855 (unit.
1241 800 1278 850 vt,
1292 784 1348 852 et).
1363 784 1415 841 ¹³⁸³
1427 795 1470 842 eet
1485 802 1550 859 erto
1562 789 1705 860 emhilt.
1719 797 1744 845 ιι

116 892 181 937 nunt
190 879 282 936 subdit
294 881 351 952 ipsu
369 881 529 948 submmim
542 890 571 938 et
591 880 706 954 quodam
721 880 802 937 modo
813 879 906 935 unsor·
960 875 1058 931 dietum
1077 886 1129 942 cst.
1149 878 1245 933 animm
1264 877 1411 946 fornicatio,
1432 879 1522 935 omnia
1540 881 1653 936 omnino
1673 882 1700 938 iu
1717 897 1743 939 ιι

117 970 175 1042 ptio
189 970 309 1028 libidinis
320 980 348 1028 et
359 971 584 1044 concupiscentiae
594 972 727 1035 carnalis:
741 980 769 1028 ut
781 971 833 1027 hnc
846 983 908 1026 esse
958 966 1111 1032 continens,
1129 983 1181 1039 qua
1204 984 1257 1024 non
1275 967 1427 1025 adnammr
1442 969 1508 1037 beo,
1519 969 1585 1027 dnm
1598 971 1743 1029 munau

117 1062 237 1119 vtdmtm
254 1062 328 1134 quod
341 1062 440 1119 dicium
463 1073 515 1128 est.
540 1063 686 1132 Quiritem
707 1062 857 1133 tornicantur,
880 1067 908 1115 tn
960 1056 1060 1113 muudo
1073 1074 1081 1112 :
1096 1064 1126 1112 ut
1149 1057 1291 1115 nicetium
1313 1057 1463 1131 intelligere
1486 1061 1635 1127 valeamus.
1654 1076 1743 1119 ιιωι-

114 1167 209 1222 torpes
219 1154 352 1223 proprium
362 1164 448 1224 perenn
460 1169 471 1208 ι
484 1154 618 1224 quintunc
633 1153 662 1209 tit
674 1153 779 1223 proprie
792 1149 907 1207 etiami·
958 1146 1022 1203 dum
1038 1146 1117 1204 bium
1136 1149 1602 1224 animumanimumum
1620 1152 1660 1209 eit
1678 1153 1743 1225 Apo·

115 1241 219 1299 liariter
238 1256 345 1298 aruum
359 1244 481 1314 corporis
499 1260 547 1300 cor
566 1243 682 1299 bominis
696 1242 860 1308 fornicantis,
878 1239 906 1295 in
959 1238 1058 1306 stolus,
1086 1237 1166 1295 Omne
1186 1251 1319 1309 peccetm
1343 1243 1518 1315 quodcumque
1541 1245 1633 1316 faerit
1657 1244 1741 1315 Ιιιιυ,

116 1341 238 1401 tempore
257 1333 374 1389 maxime
391 1334 475 1404 ipsius
497 1333 666 1404 nequissimae
682 1332 863 1403 operationis:
879 1330 906 1386 in
958 1337 1134 1400 meresarpae
1147 1338 1203 1397 ent:
1215 1332 1354 1402 quinarem
1367 1333 1517 1405 fundatur,
1535 1335 1564 1391 in
1581 1350 1677 1407 corpur
1688 1350 1744 1407 pre-

115 1431 220 1479 tnntum
232 1432 262 1479 ut
273 1423 331 1494 ipso
342 1424 487 1494 Apostolus
498 1424 655 1481 inculcatius
664 1424 758 1479 volem
769 1436 905 1477 commen·
957 1420 1041 1492 prium
1051 1431 1149 1491 peren.
1164 1421 1232 1490 Quia
1249 1422 1273 1479 ti
1290 1439 1344 1480 uon
1356 1424 1503 1482 fornicetur
1517 1426 1610 1483 anima
1623 1427 1743 1496 burum,

115 1514 183 1570 dore
192 1514 339 1571 cauendum
355 1514 507 1570 bominibus
521 1513 572 1569 boc
589 1514 698 1578 malum,
716 1511 824 1578 dixerit,
844 1509 905 1565 Tol·
957 1509 1118 1569 adherendo
1130 1513 1194 1583 Deo,
1209 1529 1259 1572 nec
1273 1514 1437 1574 adherendo
1448 1517 1558 1587 muodo,
1574 1534 1744 1593 quecumque

116 1604 171 1661 lem
188 1620 248 1676 erpo
259 1603 372 1659 membru
389 1603 492 1672 cinni,
512 1606 605 1676 sociam
622 1603 733 1660 membra
751 1601 906 1657 manni-tat
957 1601 1008 1656 alia
1022 1613 1140 1673 peccata,
1157 1619 1173 1661 a
1190 1608 1406 1679 coucupiscentia
1424 1610 1526 1666 carnali
1538 1624 1653 1682 prom
1665 1613 1743 1671 alien

115 1706 145 1750 et
154 1710 298 1752 exsecrans
318 1704 398 1766 atque
415 1695 551 1751 detestans
569 1693 747 1765 responderit,
768 1693 850 1748 Absit.
865 1692 905 1747 An
957 1693 1073 1763 potuerit
1090 1709 1139 1766 pro
1158 1694 1216 1766 ipsu
1235 1695 1379 1770 fragilitate
1402 1701 1585 1771 morundus,
1606 1702 1650 1760 tel
1673 1702 1744 1775 lpum

116 1787 228 1855 onena,
247 1787 343 1858 iuquit,
357 1787 476 1856 qnoniam
492 1786 661 1859 quindluoeret
681 1785 805 1841 meretrici
826 1799 906 1838 ιιιιιιιιι
956 1782 1051 1852 raudo,
1066 1786 1108 1843 uel
1121 1787 1288 1860 negligendo,
1302 1790 1346 1846 vel
1359 1790 1554 1861 obliviscendo,
1570 1793 1615 1849 vet
1638 1810 1692 1850 non
1711 1795 1744 1851 b

114 1895 208 1949 eorpus
226 1880 283 1936 ert?
304 1878 387 1934 Erunt
411 1879 489 1945 enim,
511 1879 602 1950 inquit,
626 1880 677 1933 dno
698 1879 726 1933 in
747 1893 822 1931 carne
841 1893 903 1932 nnn.
958 1873 1099 1946 redigendo
1112 1876 1193 1934 bomo
1212 1878 1360 1943 incurrere.
1377 1880 1429 1938 boc
1449 1884 1484 1939 tlt
1495 1883 1569 1955 quod
1582 1884 1683 1943 dictum
1696 1894 1742 1955 ιιι,

113 1965 249 2040 Numquid
261 1969 313 2026 boc
331 1977 420 2040 posset
431 1970 484 2026 dici
497 1969 532 2027 de
550 1971 611 2025 aliis
624 1979 705 2040 atque
721 1969 782 2024 aliis
793 1969 904 2039 quinus·
958 1965 1038 2021 (imru
1047 1980 1176 2038 peecatum
1188 1971 1457 2042 quodcumquefecerit
1471 1974 1557 2043 bomo.
1573 1986 1647 2032 extre
1658 1993 1743 2049 cerpus

114 2074 231 2131 eumque
253 2060 415 2117 iecinoribus
440 2059 596 2116 bominum?
623 2059 748 2116 liberum
771 2068 814 2116 eut
833 2059 904 2115 euim
956 2061 1085 2129 ertrquia
1106 2062 1208 2118 nullum
1221 2061 1265 2120 laic
1286 2064 1487 2134 corporalisve!
1507 2066 1666 2139 temporalis
1684 2082 1743 2125 auu·

113 2150 205 2206 euimo
218 2150 335 2208 bumana
348 2151 375 2207 in
386 2151 447 2209 aliia
458 2152 607 2222 quibusque
617 2150 774 2216 sceleribus,
786 2158 904 2206 ctuuum
956 2152 1125 2222 cupisceutim
1139 2163 1276 2224 peccatum
1297 2157 1396 2226 poterit
1413 2158 1526 2229 reperiri
1538 2175 1546 2226 ;
1558 2160 1633 2216 uude
1654 2159 1742 2217 merito

114 2242 216 2314 aliquid
232 2259 327 2301 eorum
337 2245 452 2315 operari,
464 2252 491 2299 et
502 2258 535 2301 eo
549 2244 607 2315 ipso
620 2253 741 2314 tompore
757 2242 820 2298 alibi
833 2242 906 2314 caqi·
956 2252 1031 2298 entra
1045 2258 1144 2315 corpus
1155 2261 1215 2304 esse
1233 2247 1370 2319 quodlibet
1381 2250 1435 2307 tale
1448 2260 1599 2321 peccatum,
1611 2250 1664 2308 dici
1674 2250 1741 2308 ride-

115 2337 218 2395 tetione
238 2337 372 2395 distendi:
388 2336 460 2410 quod
482 2338 510 2394 in
532 2336 714 2394 lonricationis
738 2335 797 2407 ipso
822 2350 905 2407 opere
956 2341 1008 2388 tur.
1021 2332 1099 2403 Quod
1110 2335 1132 2391 si
1142 2335 1282 2395 udbaerem
1291 2340 1392 2395 mundo
1402 2340 1553 2397 mundanus
1564 2339 1657 2409 bomo,
1671 2342 1741 2414 loupe

114 2439 194 2501 etque
207 2439 326 2501 temporo
337 2430 577 2497 mutuamina,
592 2428 905 2501 adaliudaliquidcaqi·
954 2440 986 2482 se
1004 2426 1067 2482 tacit
1085 2441 1100 2481 n
1121 2427 1186 2495 lieo,
1211 2429 1366 2486 fornicando
1385 2431 1420 2488 ab
1439 2432 1498 2503 ipso
1511 2431 1579 2497 Deo.
1603 2436 1632 2489 lu
1653 2446 1741 2504 carpite

115 2522 224 2578 tandum
237 2521 349 2579 liberum
367 2537 437 2578 csse.
453 2520 499 2579 Sic
509 2523 581 2578 euim
597 2527 669 2577 totus
682 2519 904 2576 homaabsurbe·
955 2516 1092 2589 proprium
1109 2527 1221 2590 peccat:
1236 2520 1298 2590 quia
1321 2520 1454 2592 corporali
1479 2520 1740 2593 concupiscentiein
1781 2530 1783 2565 i

115 2621 159 2671 tur
170 2611 204 2669 ab
218 2613 277 2684 ipso
293 2621 321 2670 et
332 2613 359 2668 iu
373 2614 432 2683 ipso
444 2626 567 2683 corpore,
579 2619 608 2668 ut
616 2614 673 2680 jam
684 2610 737 2666 dici
753 2625 807 2665 nou
821 2609 905 2680 possit
954 2623 1068 2681 quaque
1081 2612 1236 2681 temporalia
1248 2620 1277 2669 ct
1290 2614 1418 2676 munatio.
1436 2613 1537 2669 comati
1551 2629 1635 2671 sensu
1646 2622 1674 2672 et
1683 2628 1740 2684 pru·
1780 2628 1783 2705 ἱ

115 2704 174 2775 ipse
193 2703 299 2763 rmum
318 2719 384 2761 suus
401 2718 478 2769 esset
500 2703 548 2759 sed
568 2701 647 2759 simul
667 2709 739 2758 totus
755 2700 838 2758 bomo
851 2700 903 2757 dici
955 2699 1043 2757 duutia
1064 2701 1196 2758 laumauus
1220 2705 1325 2761 animus
1351 2705 1572 2777 inanimemque
1594 2704 1741 2763 numum
1778 2710 1783 2823 1

114 2794 281 2868 possitquod
292 2796 413 2863 comsit,
426 2795 685 2868 etspiritusradeus
699 2802 727 2851 et
744 2809 798 2851 non
811 2797 902 2850 lener-
955 2800 1085 2848 creatura
1104 2795 1224 2851 seruiens
1237 2797 1418 2868 potiusquam
1435 2797 1568 2867 Creatori,
1581 2799 1628 2870 qui
1641 2807 1683 2854 est
1700 2797 1740 2854 be·
1781 2828 1783 2861 r

114 2897 175 2946 tens
186 2887 271 2961 (rut.
280 2889 447 2961 cxsurniidl·
460 2888 579 2960 sicergo
591 2903 733 2959 possumus
744 2888 901 2959 intelligere,
955 2884 1077 2940 nedictus
1086 2885 1112 2941 iu
1124 2886 1232 2943 saccula.

115 2980 179 3050 quia
200 2996 274 3037 omne
292 2989 422 3051 percnum
435 2981 610 3053 qntodcumqae
630 2982 715 3054 [ιιιιὶι
732 2982 817 3048 bomo,
831 2993 903 3038 entre
989 2976 1017 3031 l.
1036 2976 1153 3047 Apostoli
1174 2978 1347 3048 interpretatio
1367 2977 1472 3049 duplet.
1495 2977 1541 3037 sie
1562 2994 1639 3052 erqo.
1663 2994 1738 3052 quun·

113 3088 207 3143 corpur
219 3081 273 3139 ert,·
293 3073 338 3145 qui
349 3082 435 3128 aetem
453 3075 603 3145 formentur,
618 3073 646 3128 in
660 3089 752 3144 empne
770 3073 904 3144 proprium
955 3076 1011 3122 tum
1022 3066 1089 3123 milri
1103 3068 1216 3136 uidetur,
1228 3070 1300 3125 salva
1312 3069 1373 3137 lide,
1390 3069 1501 3144 intelligi
1511 3080 1603 3143 potest
1613 3073 1739 3145 utriusque

113 3170 201 3231 peceat
219 3170 273 3218 :ut
291 3161 423 3229 rideatur,
444 3170 474 3218 ut
493 3163 564 3228 dixi,
585 3163 730 3234 Apostolus
751 3162 779 3217 iu
802 3172 903 3218 tanum
955 3156 1137 3217 fornicationis
1148 3162 1260 3229 malum,
1274 3163 1566 3235 tamspecinlis.quam
1578 3163 1737 3228 uniuersalis,

113 3252 398 3322 exuqqeramroluisse
408 3251 705 3319 tomtcmiooismatum
717 3261 747 3308 ut
755 3254 781 3309 iu
791 3268 902 3324 courpa-
954 3246 982 3305 in
996 3250 1047 3307 boc
1059 3266 1113 3308 uuo
1125 3251 1241 3322 capitulo
1260 3253 1325 3308 tanti
1339 3261 1367 3308 et
1388 3261 1441 3308 tam
1456 3253 1545 3325 magui
1559 3252 1689 3323 doctoris,
1700 3251 1738 3310 ubi

112 3342 307 3415 rationebuius
326 3343 519 3412 fornicatiouis,
534 3354 631 3401 cetera
649 3353 725 3401 extra
742 3359 840 3416 corpus
854 3345 903 3401 lra-
954 3341 1000 3405 ait.
1020 3339 1102 3397 danne
1124 3352 1253 3414 peceatum
1274 3343 1446 3415 quodcumque
1457 3343 1545 3414 {eunt
1561 3343 1655 3413 ione,
1677 3352 1737 3401 crtus

112 3436 200 3494 benda
219 3453 281 3496 esse
302 3438 409 3496 duxerit
429 3453 601 3509 quacumque
624 3445 748 3509 peccatu
770 3437 829 3494 solo
852 3436 904 3494 lioc
954 3449 1046 3506 corpur
1067 3434 1177 3504 ert5qni
1193 3443 1277 3488 autem
1291 3434 1442 3506 fornicatur,
1456 3434 1484 3488 in
1505 3449 1601 3508 corps·
1614 3434 1737 3507 proprius

112 3529 492 3587 unumumotomieattoota
514 3530 585 3584 malo
605 3528 633 3584 in
654 3544 751 3599 corpus
764 3528 902 3599 proprium
955 3533 1061 3596 necem:
1075 3532 1105 3580 ut
1115 3532 1162 3580 aut
1170 3526 1338 3597 exaggeratio
1353 3525 1422 3581 iacta
1433 3526 1469 3581 sit
1481 3526 1516 3584 ab
1525 3526 1657 3598 dpostolo
1669 3526 1737 3598 buius

112 3620 219 3691 peccari
230 3619 339 3687 dixerit,
353 3621 415 3693 quia
428 3621 530 3692 malote
542 3619 659 3677 libidinis
670 3619 777 3685 ardore,
790 3635 845 3691 quo
853 3635 902 3677 su·
954 3614 1078 3689 specialis
1091 3615 1285 3684 fornicationis,
1298 3631 1350 3688 qua
1370 3615 1398 3671 iu
1416 3631 1514 3687 corpus
1531 3618 1672 3689 proprium
1683 3630 1737 3691 pec·

112 3711 203 3782 perior
214 3711 303 3769 nulus
322 3719 374 3778 est,
387 3711 509 3782 uoluptas
525 3710 610 3783 ipsius
622 3710 743 3783 corporis
759 3719 833 3767 tenet
845 3725 903 3767 ser·
953 3708 1010 3765 cari
1023 3716 1097 3765 recte
1109 3707 1280 3779 intelligitur;
1301 3708 1362 3778 quia
1377 3722 1508 3778 nusquam
1520 3707 1562 3764 sic
1580 3716 1654 3765 totus
1667 3707 1737 3763 bomo

112 3815 187 3869 uum,
202 3800 337 3875 eldcitque
349 3803 494 3876 captivum.
953 3801 1075 3874 corporis
1099 3800 1183 3872 ipsius
1202 3798 1331 3872 uoluptati
1355 3799 1496 3867 addicitur,
1522 3808 1552 3856 et
1574 3798 1737 3859 ineffabiliter

148 3892 176 3947 il.
198 3892 328 3950 Generalir
348 3895 493 3966 sumendo,
520 3909 571 3966 qua
590 3910 642 3948 non
663 3892 810 3948 miteretur
834 3891 900 3949 Deo.
953 3893 997 3950 vel
1017 3892 1202 3949 inevitabiliter
1219 3891 1344 3963 amplum,
1359 3900 1389 3947 ut
1407 3890 1435 3947 iu
1449 3892 1653 3963 comparatione
1668 3889 1737 3962 buin

112 3982 256 4039 llreodicta
267 3984 321 4040 siut
333 3985 483 4054 despeciali
493 3984 758 4056 tornicationelrujus
769 3986 900 4056 corporis.
954 3988 1019 4041 tanti
1033 3984 1108 4054 mali,
1121 3993 1218 4041 cetera
1233 3990 1340 4055 peccata
1360 3993 1435 4041 extra
1448 3996 1547 4054 corpus
1558 3997 1622 4041 esse
1638 3981 1738 4041 videnu-

112 4074 213 4132 Verum
226 4074 288 4144 quia
302 4089 354 4129 uon
378 4075 464 4130 solum
486 4075 624 4131 fornicatio
644 4075 672 4130 iu
690 4077 774 4133 sacris
794 4077 902 4136 Litteris
955 4084 1006 4141 tur,
1021 4073 1125 4133 etiamsi
1144 4087 1301 4145 percorpus
1314 4081 1500 4130 exerceantur.
1514 4058 1738 4142 Quemadmodnn

113 4164 274 4238 specialiter.
287 4162 335 4222 ncd
346 4164 426 4220 etiam
439 4165 599 4237 generalitor
609 4165 731 4236 arquitur
741 4175 769 4222 et
780 4167 902 4224 uomina-
955 4169 1037 4224 solius
1056 4166 1240 4224 lomicatioois
1262 4167 1302 4222 uis
1315 4165 1438 4236 quedam
1451 4165 1604 4238 imperiosae
1617 4164 1737 4233 libidinis.

112 4266 171 4324 tur;
185 4270 324 4322 enitemur.
339 4256 396 4313 lieo
407 4255 561 4327 adjuvaute,
575 4267 604 4313 et
619 4257 681 4314 hinc
691 4256 792 4329 aliquid
802 4259 901 4330 proba-
954 4258 1099 4314 conditioni
1118 4273 1174 4314 suae
1193 4257 1292 4323 subdit,
1306 4256 1498 4329 propriumque
1515 4256 1601 4329 ipsius
1623 4255 1736 4331 corporis

111 4348 202 4405 liliter
214 4348 313 4406 dicere.
327 4348 467 4405 Generalis
485 4348 565 4419 iqitur
585 4348 725 4404 fornicatio
738 4357 830 4420 aperte
842 4364 902 4405 ma·
955 4351 1115 4421 mancipium
1138 4351 1282 4423 pessimum
1302 4350 1647 4422 lacit,temporem21lme
1664 4348 1737 4423 ipsi!

112 4438 253 4497 niteatur
271 4440 299 4496 in
313 4439 432 4508 Psalmo,
452 4439 497 4496 ubi
510 4439 767 4507 diciturzouoaiam
783 4456 839 4496 eree
857 4442 902 4512 qni
955 4444 1174 4499 immundissime
1198 4443 1376 4513 operationis3
1408 4451 1439 4500 ut
1461 4442 1534 4499 aliud
1561 4443 1628 4516 quid
1651 4451 1738 4515 prete

112 4534 186 4604 inape
202 4547 230 4588 ιι
241 4531 338 4605 {minat
349 4549 367 4586 a
387 4540 421 4597 te,
444 4531 577 4602 peribunt3
592 4531 723 4603 perdidisti
741 4548 840 4587 omnm
858 4533 903 4603 qni
954 4536 1025 4609 qnod
1040 4537 1093 4608 agit
1106 4537 1133 4592 in
1151 4535 1208 4608 ipso
1222 4551 1345 4607 corpore,
1366 4536 1469 4593 nonsit
1487 4537 1602 4594 liberum
1623 4534 1738 4593 houm

114 4622 255 4692 fornicatur
267 4621 312 4678 aba
324 4631 357 4677 te.
372 4620 423 4680 ilbi
441 4623 644 4693 subsequenter.
664 4622 782 4694 qrulitcr
795 4625 844 4681 ista
858 4639 902 4696 qe·
955 4628 1039 4684 menti
1053 4627 1095 4684 uel
1110 4627 1237 4698 cogitare,
1249 4627 1291 4683 vel
1303 4626 1451 4683 intendere.
1463 4625 1490 4684 Si
1502 4635 1594 4684 autem
1606 4627 1690 4684 euru
1698 4639 1738 4698 ιι·

89 4782 93 4794 ¹
115 4714 213 4773 uerelis
227 4713 368 4771 fornicatio
377 4713 453 4771 evadi
467 4724 495 4770 et
507 4713 587 4786 oliuqi
609 4715 705 4785 possit.
723 4714 844 4786 adjunxit
861 4715 901 4772 di·
955 4717 1072 4773 noralem
1092 4717 1242 4788 significare
1260 4716 1345 4771 uolnn
1365 4717 1509 4787 Apostolus
1530 4714 1739 4781 laminitaneo.

89 4814 91 4818 ‘
112 4822 189 4864 cetus:
199 4804 359 4861 llilriautenr
366 4804 563 4864 adiereellm
573 4805 665 4863 bonum
672 4817 709 4862 ιιι
720 4804 805 4879 (Ptol.
816 4822 900 4875 ιιιιι,
955 4816 1062 4880 propter
1074 4822 1154 4878 quum
1165 4806 1265 4863 dixisse
1280 4807 1410 4874 videatur,
1427 4806 1508 4863 Omne
1520 4818 1654 4876 peccarem
1664 4804 1737 4879 qued·

113 4892 221 4969 stat).
232 4896 370 4955 iltcxindc
378 4898 456 4955 lacile
462 4897 717 4962 inneneuuendiun
725 4912 785 4953 esse
791 4911 902 4967 qenero-
955 4918 1060 4973 curruque
1072 4901 1159 4973 fecerit
1177 4901 1262 4965 norrun,
1279 4911 1352 4959 ecura
1364 4916 1456 4971 corpur
1468 4910 1523 4958 ert:
1535 4901 1580 4969 qui
1592 4908 1680 4957 utut
1692 4901 1741 4971 fet·

113 4991 165 5048 lem
179 4990 380 5047 fornicationem
398 4991 495 5046 animm
509 4991 641 5057 bunmruan,
660 5004 714 5060 qua
734 5004 788 5044 non
808 4988 901 5045 adium
954 4994 1062 5059 abatur,
1082 4992 1110 5046 in
1129 5007 1220 5061 corpus
1234 4994 1365 5064 proprium
1382 5001 1468 5063 peccat
1479 5007 1488 5045 ι
1501 4991 1541 5047 sic
1561 4986 1740 5062 accipiendus!

114 5100 176 5142 tent
187 5085 300 5157 quaisquo
312 5083 378 5152 beo,
393 5083 511 5140 adhaeret
523 5083 632 5138 mundo.
647 5081 723 5139 [lude
736 5082 901 5153 beatusapo·
955 5093 996 5141 est
1015 5092 1044 5139 ct
1059 5081 1270 5152 intelligendum,
1293 5092 1321 5136 ut
1340 5084 1451 5153 quisque
1469 5080 1533 5137 oum
1554 5096 1609 5137 uon
1629 5080 1742 5137 edbaetti

114 5178 197 5233 stolus
209 5176 328 5235 loannes
346 5175 412 5233 dicit
425 5175 476 5231 :Si
493 5174 558 5244 qrn'e
568 5173 683 5229 dilexerit
701 5173 830 5238 mundam,
843 5171 903 5226 dile·
956 5174 1020 5240 lieo,
1031 5172 1077 5244 qui
1094 5171 1213 5228 adbaerct
1235 5171 1346 5238 mundo,
1362 5173 1450 5227 omunia
1465 5171 1623 5241 temporatia
1634 5170 1741 5243 dil‘qettt

114 5269 164 5324 edo
177 5268 263 5325 Patris
276 5285 329 5323 non
342 5267 415 5324 estin
434 5283 463 5322 eo
477 5264 586 5336 (linea.
603 5281 633 5330 ιι,
646 5265 703 5336 lb).
721 5265 756 5320 Et
767 5263 902 5334 apostolus
954 5276 983 5322 et
994 5266 1197 5338 coucupiscens,
1212 5265 1307 5321 merito
1324 5264 1350 5319 iu
1362 5278 1460 5334 corpus
1478 5263 1617 5333 proprium
1636 5272 1743 5334 peeontt

113 5359 228 5419 iambus
249 5360 315 5417 dicit
333 5358 479 5425 addutteri,
495 5358 595 5413 nesebin
614 5356 674 5428 quin
694 5356 805 5411 amicitia
826 5354 903 5426 liujus
955 5357 1068 5426 dicetur,
1083 5356 1176 5423 idest,
1191 5355 1323 5412 uniuersae
1343 5352 1569 5426 concupiscentia
1586 5349 1744 5410 carrulide·

115 5451 204 5508 mi
219 5451 322 5506 inimum
343 5459 379 5506 ιιι
398 5449 453 5505 lieo
470 5447 572 5517 (lacon
586 5465 625 5517 ru,
637 5446 684 5521 ill
702 5447 820 5504 breviter
837 5458 902 5516 eruo
954 5448 1027 5504 ditus
1040 5459 1068 5503 ut
1081 5447 1204 5502 subditus
1217 5448 1311 5508 lactus.
1322 5454 1447 5517 tanquam
1462 5452 1534 5499 totus
1546 5452 1746 5500 mutumne

114 5541 252 5600 delinitum
266 5547 319 5604 est,
334 5555 388 5595 non
401 5554 481 5611 posse
495 5540 593 5598 babere
603 5539 772 5596 dilectionem
784 5537 843 5605 liei,
857 5535 902 5606 qui
955 5555 1005 5596 vrrs
1018 5541 1052 5596 ab
1066 5539 1123 5611 ipso
1134 5536 1385 5603 Creatorcalienus‚
1397 5552 1445 5609 per
1456 5536 1528 5593 illam
1541 5536 1649 5593 initium
1660 5535 1747 5595 omnis

115 5629 238 5693 numm
247 5629 419 5701 ditm
436 5631 545 5699 muudi3
564 5641 592 5689 et
609 5629 746 5691 inimicum
766 5643 827 5690 emo
841 5626 901 5700 bot,
957 5634 1058 5706 pcccati
1069 5631 1232 5701 superbiam,
1245 5630 1453 5703 curjusmperiioe
1464 5629 1565 5689 initim
1578 5638 1631 5699 est.
1647 5623 1750 5689 uttcrb
