3728 6276
189 271 257 329 «ιιι
801 260 830 317 s.
851 254 1033 318 inausum
1052 254 1202 316 sarman
1752 258 1813 317 uss

187 387 233 442 nio
248 402 256 452 ;
281 385 334 441 cito
356 382 485 440 oonibeor
500 397 509 435 ι
526 376 623 432 Videbit
635 375 716 431 ιιιιιιι
726 373 973 431 carosaietarellei.
1063 372 1175 431 CAPUT
1193 372 1264 430 xlx.
1275 375 1361 431 -ιιι
1376 373 1416 429 be
1429 374 1573 447 difficultate
1587 374 1730 448 proposita,
1746 377 1815 446 deese

188 479 284 534 Dicunt
298 477 349 533 boc
368 491 437 539 esse,
453 471 557 528 videbit
571 471 658 527 omnis
678 483 742 525 otro
754 465 890 523 Christum
917 467 975 522 llei.
1028 465 1083 521 Deo
1100 467 1162 522 etde
1180 483 1284 539 corpore
1302 468 1597 540 {uterospirituaiipuid
1608 467 1815 522 tenendumllon

188 571 241 626 Sed
253 571 324 625 visus
339 579 380 625 est
389 567 509 624 Christus
523 573 552 620 et
564 563 592 618 in
604 576 695 627 carue,
709 575 763 617 uon
775 559 882 631 quidem
896 561 977 615 carn'e
1029 558 1081 614 boc
1096 559 1156 616 idco
1176 559 1230 615 dim
1256 560 1429 639 (mementote
1454 570 1581 633 qnantum
1605 561 1729 632 potestis,
1748 569 1776 615 ut
1790 575 1816 615 ιι

189 661 306 727 mortali,
333 661 356 716 si
381 659 468 714 adbuc
492 658 535 712 illa
560 656 704 726 spiritualis
727 653 838 709 mutatio
861 667 924 708 caro
937 652 978 706 di·
1030 648 1173 717 discamus,
1194 665 1331 722 usquequo
1345 650 1535 717 invenerimus,
1549 665 1609 722 quae
1619 651 1740 705 nondum
1753 652 1818 705 nori·

124 809 125 812 ,
188 754 272 811 cenda
293 763 353 818 est;
369 752 430 823 qrria
445 760 472 806 et
487 752 542 820 ipsc
554 757 615 822 post
627 748 849 803 resurrectionem
862 746 901 801 sic
912 744 980 799 dixit
1030 753 1108 803 mus;
1122 738 1192 809 quod
1217 748 1305 795 autem
1331 741 1465 806 novimus,
1486 755 1540 795 non
1553 753 1622 810 opus
1642 749 1685 795 est
1698 748 1728 794 ut
1740 739 1818 795 disca

188 845 339 901 ridentibus
353 851 381 898 et
399 841 577 912 tangentibus,
594 860 604 891 ι
632 837 750 908 Palpate,
766 844 793 892 et
806 835 903 900 videte,
918 835 978 905 quia
1030 844 1100 895 mus,
1124 829 1172 885 sed
1187 830 1298 886 Domino
1311 831 1470 902 adiurante,
1486 830 1647 903 doceamus)
1660 848 1668 886 τ
1683 846 1739 887 non
1764 846 1819 902 erge

187 937 298 1009 spiritus
316 949 424 990 carnem
443 943 470 988 et
488 947 548 988 ossa
568 930 738 994 nonhabet,
758 929 827 985 sicut
840 943 884 982 me
901 924 978 982 vide·
1031 918 1082 976 hoc
1102 920 1163 977 ideo
1182 920 1254 986 dixi.
1278 922 1339 993 (ιιιῑι
1360 936 1468 979 carnem
1493 923 1610 978 visuram
1635 925 1754 993 neem:
1778 924 1818 978 ιιι

188 1030 223 1085 tis
247 1027 346 1082 babere
368 1025 458 1096 (bne.
480 1040 552 1087 xxrr,
577 1021 668 1093 59).s
697 1020 835 1100 videbitur
855 1028 884 1074 et
909 1017 947 1073 sic
971 1036 978 1070 :
1030 1015 1092 1085 quia
1103 1013 1245 1085 querenda
1259 1024 1321 1070 sunt
1331 1015 1481 1072 testimonis
1496 1015 1620 1083 clariora,
1634 1015 1656 1070 si
1668 1014 1740 1071 lorte
1753 1024 1820 1086 pote

187 1134 242 1176 non
263 1119 350 1173 solum
365 1118 499 1180 risusest,
523 1113 570 1171 sed
589 1123 617 1170 et
629 1112 770 1168 videbitur.
789 1111 823 1165 Et
835 1111 904 1165 lorte
917 1118 979 1165 tuuc
1031 1115 1094 1162 runt
1115 1106 1239 1163 inveniri.
1255 1105 1319 1162 llam
1343 1107 1395 1163 lroc
1408 1107 1479 1179 quod
1503 1107 1635 1177 prolatam
1655 1115 1713 1170 est.
1731 1105 1821 1163 ridetis

111 1191 113 1196 ¹
187 1210 333 1282 perfectius
354 1209 505 1278 implebitur
530 1205 601 1277 quod
615 1205 715 1260 dictum
736 1213 787 1268 est,
811 1198 892 1289 amnis
909 1217 978 1256 earo.
1030 1198 1109 1269 quale
1131 1199 1176 1254 sit.
1191 1198 1244 1255 Pro
1258 1200 1338 1254 nobis
1357 1199 1428 1254 enim
1441 1200 1526 1270 magis
1549 1198 1623 1264 lacit,
1644 1199 1687 1253 rel
1703 1213 1754 1268 pro
1770 1199 1821 1268 ipsa

187 1301 267 1357 blodo
288 1301 360 1357 enim
382 1299 448 1354 vidit
469 1313 530 1354 eum
555 1311 633 1361 caro,
656 1295 770 1350 sednon
785 1295 873 1349 omnis
893 1306 978 1347 caro:
1030 1291 1152 1352 veritate,
1163 1289 1205 1346 rel
1219 1305 1268 1360 pro
1281 1290 1322 1345 bis
1332 1290 1375 1360 qui
1390 1291 1466 1360 quasi
1485 1299 1560 1346 certo
1572 1288 1752 1354 contendunt,
1767 1303 1822 1343 osr-

189 1401 252 1447 tuuc
266 1405 330 1447 vero
349 1391 375 1445 in
389 1389 488 1460 iudicio
511 1389 660 1443 venientem
680 1401 741 1442 cum
757 1385 864 1456 Angelis
877 1385 933 1439 suis
946 1383 980 1436 ad
1031 1396 1093 1436 nem
1121 1396 1174 1435 non
1195 1381 1310 1436 visuram
1336 1381 1445 1436 omnino
1478 1381 1533 1435 ullo
1556 1379 1638 1434 modo
1652 1379 1749 1444 ιιιιιιιι,
1776 1392 1822 1434 nee

186 1483 346 1552 judicandos
363 1482 438 1537 rivos
452 1488 480 1536 et
503 1485 633 1545 mortuos,
649 1493 709 1533 cum
731 1477 865 1531 audierint
886 1489 980 1529 vocem
1031 1474 1058 1529 ιι
1086 1475 1281 1530 resurrectione
1305 1485 1480 1530 mortuorum.
1500 1474 1555 1531 Nos
1587 1475 1650 1529 binc
1676 1489 1733 1529 non
1759 1488 1822 1529 oon·

189 1573 248 1643 ojus
272 1586 366 1628 omnes
393 1572 437 1643 qm
461 1570 565 1625 suntin
589 1568 779 1633 monumentis,
794 1575 822 1621 et
844 1580 981 1636 proeesse·
1032 1564 1185 1630 tendimus,
1206 1563 1252 1619 sed
1279 1564 1424 1634 repetendo
1450 1571 1543 1619 acutos
1570 1577 1821 1631 commemoramus,

188 1665 243 1718 rint
260 1662 304 1719 alii
326 1662 360 1717 ad
385 1659 607 1717 resurrectionem
627 1659 707 1723 vitae,
731 1656 776 1711 alii
799 1657 834 1712 ad
859 1670 980 1710 resurre-

190 1754 306 1809 ctionem
332 1751 426 1822 judicii
455 1749 543 1823 (ioan.
563 1765 590 1814 r,
611 1747 657 1812 ιθ,
678 1747 737 1817 29),
761 1747 845 1817 ipsam
869 1745 981 1801 lormam

190 1842 326 1908 videbunt,
353 1856 432 1912 quam
459 1856 506 1910 pro
528 1839 604 1894 nobis
629 1839 765 1908 suscipere
785 1838 908 1908 diguatus
928 1846 979 1903 est,

189 1951 243 1990 non
263 1935 348 1990 solum
359 1933 433 2004 justi,
458 1932 505 1987 sed
526 1932 604 1986 etism
620 1930 712 2000 iniqui,
733 1928 777 1984 alii
789 1931 821 1982 ad
833 1928 980 1994 dexteram,

188 2025 235 2080 atti
255 2025 288 2079 ad
303 2025 458 2086 sinistram:
484 2023 544 2093 quia
567 2019 651 2091 etqui
679 2019 843 2085 occiderunt,
863 2018 981 2073 videbunt

189 2117 218 2171 in
239 2131 311 2188 quen
338 2123 497 2185 pupnperunt
518 2110 616 2182 (ioan.
635 2126 697 2177 xm,
718 2109 780 2182 tlt).
801 2109 899 2164 Videbit
920 2125 981 2180 erge

190 2208 271 2263 amnis
290 2206 468 2261 earosaintare
485 2202 543 2258 rtet.
557 2203 660 2272 Corpus
674 2210 830 2273 percorpus
846 2219 853 2254 :
876 2201 937 2272 quia
954 2203 980 2256 in

189 2297 256 2354 iero
276 2312 389 2368 corpore
407 2296 496 2352 reniet
514 2295 680 2365 judicaturus
690 2295 710 2346 ¹.
724 2294 776 2350 Sed
795 2294 830 2348 ad
844 2295 981 2350 dexteram

189 2388 295 2460 positis,
311 2397 340 2442 et
348 2388 377 2442 in
392 2401 503 2456 regnum
516 2386 646 2442 coelorum
660 2385 758 2452 missis,
769 2386 808 2439 sic
821 2400 851 2440 se
868 2384 978 2439 demon·

190 2489 325 2537 straturus
342 2489 394 2547 est,
405 2480 539 2551 quomodo
546 2480 600 2549 jam
620 2479 646 2532 in
659 2492 772 2549 corpore
784 2477 922 2533 ridebatur
936 2497 943 2532 :
955 2487 982 2533 et

190 2580 280 2628 tamen
302 2570 418 2636 dicebat,
434 2571 484 2638 Qui
496 2570 578 2642 diligit
597 2586 637 2624 me
650 2569 796 2641 diligerere
808 2569 887 2624 Patre
906 2586 981 2636 meo,·

190 2674 215 2721 st
227 2681 272 2736 ego
284 2664 389 2736 diligam
403 2681 469 2730 earn,
485 2674 507 2719 et
525 2664 691 2733 manifestabo
714 2679 754 2717 me
770 2663 853 2733 ipsum
871 2663 910 2717 ilii
925 2660 977 2733 (id.

189 2757 313 2829 simil).
334 2757 390 2811 lloc
411 2755 519 2811 ludaeus
542 2755 637 2824 impius
655 2769 709 2809 non
734 2753 843 2809 ridebit.
869 2751 982 2809 Talietur

190 2846 372 2917 enimimpios,
394 2863 426 2902 ne
443 2845 525 2902 rideat
538 2846 678 2900 edacitatem
690 2843 739 2899 net
757 2842 825 2916 (isai
839 2860 915 2914 xxm,
932 2844 979 2913 li),

190 2952 240 2992 ser.
256 2937 350 3007 LXX).

225 3027 339 3085 carba
376 3027 516 3083 Altit—
532 3029 576 3083 ii.
612 3026 716 3084 Simeon
742 3027 783 3087 bre
813 3029 893 3085 oeulis
919 3030 981 3084 sidit

190 3110 368 3175 sointareliei.
387 3117 497 3173 Visibiiis
507 3117 621 3174 cbristus
630 3120 656 3173 in
663 3120 863 3191 jndiciosnrnro.
874 3121 981 3178 Simeon

188 3196 277 3279 justus
289 3208 355 3263 vidit
367 3223 428 3264 eum
438 3216 466 3264 et
477 3210 568 3275 corde,
580 3211 642 3280 quia
656 3214 780 3281 cognorit
795 3210 940 3279 infantem
954 3223 982 3271 et

190 3300 276 3356 oculis
288 3300 365 3367 vidit,
387 3301 448 3372 quia
472 3303 587 3372 portarit
607 3303 743 3359 inlautum.
766 3304 884 3375 Utroque
901 3308 982 3363 modo

189 3392 284 3448 ridens
297 3408 369 3461 eum,
388 3408 535 3464 agnoscens
552 3394 600 3449 bei
610 3394 720 3464 Filium,
734 3405 761 3451 et
773 3398 936 3468 amplectens
947 3399 982 3455 de

192 3486 301 3557 Virgine
318 3498 486 3558 procreatum
506 3505 513 3542 ι
532 3507 542 3541 ι
558 3488 633 3544 iluna
653 3490 784 3558 dimittis,
809 3493 910 3563 inqiut,
930 3496 982 3549 llo-

190 3577 275 3642 mine‚
289 3591 394 3633 serrum
410 3587 483 3633 tuum
499 3578 526 3633 in
541 3594 623 3649 paee,
638 3581 763 3650 quoniam
780 3583 981 3640 nideruntoculi
1038 3582 1040 3584 ’

189 3670 243 3725 mel
262 3669 378 3725 salutare
392 3678 465 3724 tuam
483 3687 493 3722 ι
508 3669 517 3743 ι
533 3669 596 3725 bue.
627 3687 662 3737 ιι,
681 3671 717 3729 25
730 3672 795 3746 30).
810 3675 980 3748 videtequid

190 3759 298 3816 dixerit.
311 3760 464 3817 Terrebatur
484 3762 555 3816 euim
569 3778 706 3833 quousque
732 3772 759 3820 et
771 3767 855 3821 oeulis
870 3766 979 3832 rideret,

190 3869 270 3922 quem
282 3852 334 3908 ilde
353 3856 490 3910 cernebat.
506 3855 610 3924 Corpus
633 3857 769 3924 parvulum
793 3861 903 3930 sucepit,
920 3877 981 3915 cor·

190 3959 242 4014 pus
255 3945 394 4012 amplexus
413 3956 454 3999 est
470 3961 478 4009 ;
492 3960 587 4016 eorpus
597 3947 721 4014 videndo,
739 3948 765 4002 id
778 3957 829 4016 est,
842 3951 981 4020 bominum

191 4035 219 4092 Ιιι
233 4050 313 4090 carne
340 4036 475 4090 cernendo
492 4036 543 4101 ait,
574 4035 694 4092 Viderunt
712 4040 780 4093 oceli
801 4041 851 4094 mei
870 4042 983 4096 saturare

192 4137 273 4180 tuum.
289 4124 366 4181 llnde
380 4126 443 4193 scis,
468 4142 502 4181 ne
523 4127 562 4181 sic
583 4127 670 4183 videat
685 4130 771 4185 omnis
791 4145 853 4186 caro
867 4133 982 4190 salutare

192 4219 240 4272 bet
252 4219 305 4273 ine
314 4228 401 4273 autem
414 4219 654 4289 desperemuseum
670 4223 695 4275 in
707 4237 738 4277 ea
751 4222 834 4278 lorma
842 4234 981 4282 venturum

192 4307 226 4361 ad
243 4307 389 4376 judicium,
406 4323 483 4377 quam
511 4323 560 4380 pro
582 4310 659 4365 nobis
680 4313 792 4381 accepit,
818 4329 870 4369 non
890 4315 916 4369 in
931 4331 981 4388 qua

191 4398 300 4467 semper
312 4399 421 4469 aqualis
435 4399 506 4453 Patri
528 4401 673 4469 permansit
689 4406 701 4467 ;’
718 4400 859 4460 audiamus
873 4413 901 4460 et
920 4404 984 4463 hinc

192 4505 286 4546 rocem
303 4492 474 4562 Angelorum.
486 4492 554 4547 Ante
568 4494 659 4549 oculos
672 4472 859 4566 discipulorum
874 4515 984 4557 suorum

193 4596 252 4637 ιιιιι
277 4581 393 4638 ierretur
412 4585 437 4638 in
459 4584 566 4651 eoelum,
582 4594 610 4640 et
623 4586 659 4640 illi
678 4587 856 4656 attenderent,
870 4605 984 4662 eumque

193 4674 275 4729 corde
288 4675 467 4730 desideratum
483 4686 591 4746 aspectu
606 4677 778 4745 deducerent,
793 4681 934 4736 audierunt
951 4684 985 4739 ab

193 4768 303 4838 Angelis
319 4784 326 4821 :
339 4786 348 4818 ι
364 4768 418 4823 Viri
435 4767 546 4835 Galilaei,
559 4768 622 4840 quid
637 4771 712 4825 statis
721 4772 880 4841 aspicientes
891 4773 917 4829 in
928 4791 984 4831 ιιι·

194 4859 250 4914 lum
269 4860 281 4913 ι
297 4860 344 4915 llic
356 4859 435 4916 lesus
448 4862 493 4930 qui
506 4872 630 4933 acceptus
652 4871 693 4919 est
705 4879 720 4918 a
734 4865 829 4931 vobis,
848 4866 886 4922 sic
898 4869 986 4925 veniet

195 4949 329 5020 quomodo
350 4951 525 5009 vidistiseum
549 4963 656 5008 euntem
670 4954 697 5010 in
721 4956 816 5012 coelum
834 4959 871 5028 s(
890 4960 946 5014 Act.
964 4977 984 5030 ι,

195 5041 228 5098 ιι
243 5043 264 5112 l.
288 5040 332 5097 Sic
352 5056 430 5112 ergo,
451 5041 490 5096 sic
511 5043 616 5111 reniet,
640 5045 774 5114 quomodo
807 5048 938 5105 abscessit
958 5051 986 5108 in

195 5133 304 5189 coelum.
321 5133 435 5188 Visibilis
457 5134 547 5189 veniet
571 5134 744 5206 adjudicium
761 5154 769 5204 ;
786 5140 846 5208 quia
874 5141 987 5199 visibilis

195 5224 324 5280 abscessit
340 5225 365 5279 in
379 5224 487 5278 cotom.
508 5223 574 5279 Nam
594 5225 616 5280 si
629 5225 741 5283 risibilis
754 5228 884 5285 abscessit
899 5240 927 5287 et
948 5233 988 5288 iu-

195 5315 308 5370 risibilis
331 5316 435 5382 veniet,
458 5315 591 5385 qaotnodo
615 5317 651 5371 sie
671 5318 750 5372 reniet
770 5320 822 5376 tsi
835 5328 924 5376 autem
949 5324 988 5380 sic

196 5407 298 5473 veniel,
313 5406 423 5462 risibilis
435 5422 498 5478 ergo
512 5408 601 5463 veniet
613 5423 621 5475 ;
634 5418 661 5464 et
679 5409 769 5464 uidebit
782 5413 863 5466 orrrnis
876 5429 936 5468 earo
946 5431 988 5469 so·

198 5499 278 5552 lutare
298 5498 355 5552 liei.

231 5635 403 5709 {sortientium
410 5638 491 5699 ιι.,ιίι
504 5653 550 5692 uno
556 5639 639 5693 redon
650 5654 750 5708 corpore
760 5602 987 5712 mrirjndrnndns,

199 5699 442 5766 sememauanrm.

1032 1655 1115 1710 tardis
1136 1653 1308 1710 inculcamus.
1322 1654 1395 1710 Licet
1414 1655 1504 1710 multis
1528 1654 1631 1710 taediosi
1645 1656 1743 1723 simus,
1761 1653 1823 1710 diri·

1032 1760 1092 1800 mus
1111 1754 1209 1801 tamen.
1225 1747 1296 1803 Deus
1315 1762 1368 1802 non
1382 1745 1488 1803 ridetur
1507 1747 1535 1801 in
1547 1746 1619 1813 loco,
1638 1746 1770 1817 quianon
1785 1754 1823 1803 est

1031 1834 1129 1908 corpus
1143 1837 1223 1908 ;quia
1237 1839 1334 1909 ubique
1344 1849 1414 1894 torus
1426 1848 1477 1904 est,
1490 1839 1552 1908 quia
1568 1854 1622 1895 nou
1636 1840 1663 1893 in
1683 1847 1761 1910 parte
1777 1839 1823 1894 mi·

1032 1944 1093 1997 nor,
1106 1940 1134 1986 et
1153 1930 1179 1985 in
1191 1939 1266 2002 parte
1278 1931 1363 2000 major
1376 1931 1495 1986 eseliae
1509 1930 1665 1986 iirmissime
1676 1941 1822 1987 teneamus.

1032 2019 1061 2076 st
1075 2028 1163 2077 autem
1183 2036 1245 2077 caro
1258 2022 1302 2077 illa
1322 2031 1422 2077 tanurm
1444 2023 1575 2091 acceperit
1590 2021 1779 2085 mutationem,
1797 2029 1823 2078 ut

1032 2114 1118 2184 possit
1137 2130 1185 2185 per
1199 2130 1258 2170 eam
1277 2114 1361 2171 videri
1372 2114 1441 2184 quod
1452 2129 1506 2169 non
1517 2113 1622 2169 ridetur
1634 2114 1661 2169 in
1676 2115 1738 2170 loeo
1750 2131 1757 2180 ;
1771 2129 1823 2170 on·

1032 2205 1097 2260 nino
1109 2206 1147 2261 ita
1159 2207 1202 2261 sit.
1217 2205 1270 2262 Sed
1291 2205 1462 2278 quarendum
1477 2214 1535 2272 est,
1552 2206 1622 2261 unde
1635 2205 1775 2262 doceatur.
1794 2205 1824 2260 tn

1032 2295 1055 2350 si
1069 2296 1186 2351 nondum
1198 2295 1310 2353 docetur
1325 2338 1332 2361 ,
1348 2297 1466 2352 nondum
1480 2305 1591 2367 negetur
1605 2314 1614 2363 ;
1636 2297 1684 2352 sed
1700 2297 1821 2353 certesei

1032 2387 1176 2443 dubitetur.
1195 2389 1232 2443 lta
1258 2397 1345 2444 tamen
1368 2395 1397 2442 ut
1420 2403 1526 2444 carnem
1548 2396 1821 2444 resurrecturamnon

1032 2479 1176 2546 dubitetur,
1199 2480 1335 2551 spirituale
1354 2494 1452 2550 corpus
1465 2479 1580 2535 futurum
1593 2495 1629 2535 ex
1643 2479 1754 2535 animali
1774 2495 1821 2534 non

1032 2570 1184 2638 dubitetur,
1206 2571 1379 2642 corruptibile
1393 2571 1444 2627 boc
1470 2579 1497 2626 et
1517 2570 1630 2626 mortale
1643 2571 1697 2626 boe
1718 2571 1821 2626 induere

1032 2664 1256 2718 immortalitatem
1266 2671 1293 2719 et
1311 2663 1535 2733 incorruptionem
1550 2677 1603 2717 nou
1623 2661 1763 2718 dubitetur
1777 2679 1785 2718 ε
1797 2672 1821 2716 ιι

1031 2755 1058 2808 in
1073 2753 1140 2826 quod
1148 2755 1314 2827 pervenimus,
1326 2755 1352 2809 ia
1366 2771 1395 2809 ee
1405 2755 1559 2809 mniuiemns
1571 2752 1702 2826 (Portipp.
1717 2770 1757 2822 ιιι,
1768 2754 1819 2824 ιι).

1033 2846 1112 2902 Certe
1122 2846 1145 2902 si
1158 2847 1238 2902 nimis
1257 2846 1416 2917 inquirendo
1436 2847 1462 2901 in
1478 2848 1567 2917 aliquo
1580 2845 1652 2902 torte
1663 2847 1819 2911 derisurus3

1032 2937 1126 2993 saltem
1140 2937 1166 2993 in
1180 2946 1312 3005 ereatura,
1326 2952 1379 2992 non
1395 2937 1421 2992 in
1431 2935 1559 2992 creatore
1572 2936 1725 2993 deviemus.
1738 2936 1819 2993 ῦιιιιι-

1033 3028 1264 3100 turunusquisque
1278 3037 1406 3100 quantum
1422 3031 1545 3100 potuerit,
1561 3039 1818 3100 corpusoonrertcre

1032 3121 1060 3176 in
1082 3121 1222 3191 spiritum,
1245 3119 1308 3176 dum
1332 3128 1421 3176 tamen
1441 3122 1469 3176 in
1489 3135 1586 3193 corpus
1609 3137 1665 3178 nun
1688 3131 1818 3179 convertat

1032 3214 1127 3269 beura.

1225 3282 1341 3341 Silllllo
1359 3280 1532 3340 cclxxviii
1553 3283 1629 3356 ‘lap

1033 3374 1224 3430 veneratione
1248 3377 1355 3448 apostoli
1382 3376 1469 3444 Penii,
1491 3387 1514 3431 et
1540 3379 1758 3435 eornntendatione
1775 3378 1816 3432 do·

1272 3468 1372 3522 minicae
1389 3469 1511 3523 orationis
1531 3469 1580 3537 (t).

1144 3566 1188 3609 Pro
1203 3558 1358 3609 solemnitate
1373 3562 1539 3610 ωιιιιιιιοιιιε
1553 3567 1575 3610 s.
1594 3560 1675 3624 Ριιιιι,
1692 3579 1709 3613 ι.

1067 3641 1180 3697 CAPUT
1202 3640 1345 3697 PllillUbl.
1369 3671 1402 3682 -
1426 3642 1452 3697 l.
1476 3642 1576 3697 Patrius
1604 3661 1639 3699 ere
1671 3657 1817 3718 pomam

1033 3731 1184 3802 predicator
1196 3732 1297 3786 Christi.
1314 3731 1411 3787 Gratiae
1424 3732 1472 3788 bet
1479 3735 1623 3805 exemplum
1640 3739 1669 3792 in
1684 3738 1766 3793 Pesla
1777 3740 1816 3794 de

1033 3830 1095 3886 tum,
1109 3838 1141 3877 ne
1154 3823 1245 3894 abgois
1260 3835 1375 3895 peccator
1386 3824 1511 3894 desperet.
1525 3825 1611 3882 Hodie
1631 3827 1712 3884 lectio
1723 3828 1758 3885 de
1770 3831 1816 3885 Ac·

1032 3915 1103 3970 tibus
1124 3917 1311 3985 Apostolorum
1326 3917 1383 3971 baec
1397 3919 1567 3986 pronuntiata
1580 3931 1640 3987 est,
1661 3922 1708 3979 ubi
1720 3931 1817 3994 aposto·

1033 4005 1075 4060 lus
1088 4005 1186 4061 Paulus
1198 4022 1233 4062 ex
1253 4018 1424 4076 persecutore
1436 4009 1662 4079 Christianorum,
1682 4015 1817 4071 annuatis·

1033 4102 1076 4151 tor
1090 4097 1188 4151 Christi
1199 4096 1282 4153 lactus
1303 4104 1353 4153 est.
1368 4098 1453 4158 llodic
1469 4101 1496 4155 in
1509 4101 1562 4155 illis
1575 4104 1733 4173 regionibus
1745 4105 1816 4162 etism

1034 4190 1092 4244 loca
1105 4189 1162 4259 ipsa
1183 4198 1324 4257 testantur,
1350 4192 1422 4261 quod
1442 4202 1505 4248 tunc
1517 4205 1623 4265 gestum
1638 4206 1683 4252 est
1697 4207 1744 4254 :et
1756 4211 1818 4253 nuuc

1035 4281 1141 4352 legitur,
1157 4290 1184 4336 ιι
1197 4281 1325 4338 creditur.
1342 4282 1446 4339 Utilitas
1465 4295 1553 4340 autem
1580 4286 1620 4342 rei
1645 4297 1731 4358 gestae
1748 4288 1818 4358 buius

1035 4371 1093 4426 brec
1106 4380 1163 4438 est,
1179 4387 1258 4442 quam
1272 4373 1418 4443 Apostolus
1437 4374 1494 4444 ipse
1516 4389 1715 4434 commemorat
1726 4378 1752 4433 in
1763 4377 1819 4448 Epi·

1035 4464 1111 4519 stolis
1123 4463 1188 4519 suls.
1201 4464 1269 4519 btetr
1282 4466 1354 4520 enim
1367 4465 1401 4519 ad
1416 4465 1467 4521 boc
1482 4465 1534 4521 sibi
1543 4469 1651 4524 reniam
1668 4471 1757 4526 datam
1770 4484 1819 4525 on·

1035 4556 1107 4611 nium
1120 4567 1288 4626 peccatoram
1303 4574 1430 4623 suoram,
1445 4569 1473 4614 et
1491 4561 1562 4616 iliius
1583 4562 1685 4620 luroris
1697 4575 1774 4639 atque
1783 4564 1820 4618 in·

1036 4649 1179 4719 saniaequa
1200 4650 1373 4719 pertrahebat
1394 4651 1561 4707 Christianos
1588 4653 1623 4709 ad
1651 4671 1763 4723 necem,
1781 4653 1819 4724 qui

1037 4741 1157 4797 minister
1168 4751 1225 4797 erat
1236 4742 1332 4797 luroris
1351 4721 1508 4799 ludaeorum
1514 4783 1522 4810 ,
1536 4744 1594 4800 sive
1613 4746 1640 4800 in
1668 4747 1818 4819 lapidatione

1070 4854 1361 4929 'castigatusadclcln
1381 4855 1461 4919 dgr.
1480 4870 1513 4905 m.
1535 4864 1561 4906 et
1579 4857 1812 4910 adalmannus

1068 4917 1105 5039 igi
1120 4915 1235 5050 311¹?th
1244 4917 1454 5051 &mmmmm
1465 4987 1519 5041 post
1529 4980 1697 5032 ttlimnrerium
1708 4983 1820 5035 torsus»

1038 5040 1381 5164 madianitidi.
1390 5041 1820 5164 indissimulata

1037 5168 1090 5210 cor.
1103 5175 1142 5219 ru,
1156 5168 1204 5211 ιιι
1224 5162 1306 5212 'thess
1327 5178 1358 5222 ιι,
1384 5173 1409 5214 ιι
1424 5164 1696 5220 ttim.1,sermouem
1711 5169 1762 5217 «de
1771 5173 1819 5214 uou-

1043 5223 1283 5300 ‹nersioueapostoli
1296 5224 1359 5296 cauli
1371 5222 1484 5297 appellat.
1497 5241 1508 5270 s
1527 5228 1643 5299 baronius
1657 5229 1685 5277 in
1695 5223 1809 5298 ιιιιιιιιΙι

1038 5296 1097 5346 gro,
1119 5284 1160 5355 dte
1179 5283 1209 5334 Ξ)
1233 5285 1345 5346 ιιιιιιιιιι,
1357 5295 1425 5348 putat
1447 5299 1471 5334 m
1492 5286 1648 5338 wlemmtate
1672 5295 1819 5355 omrursm

1039 5353 1060 5394 s.
1073 5342 1137 5393 Paulr
1149 5345 1256 5396 habitum
1267 5348 1323 5396 aba
1359 5350 1447 5397 ustiuo.
1469 5349 1614 5398 ttu'trsreru
1632 5350 1788 5402 solemnibus
1801 5359 1819 5394 tt

1038 5406 1327 5469 antiquocartbaginensi
1352 5408 1464 5458 Ecclesiae
1510 5409 1612 5459 endario
1627 5410 1818 5474 recensralgtb·

1039 5465 1105 5515 nulla
1118 5470 1217 5518 mentio.
1234 5473 1261 5518 ιι
1270 5478 1340 5519 certe
1350 5469 1421 5530 inira,
1440 5482 1493 5532 asp.
1506 5471 1546 5532 ιι,
1567 5471 1607 5522 bis
1618 5475 1713 5530 verbis,
1730 5476 1768 5524 rsi
1783 5479 1819 5519 ιιι
1859 5529 1862 5535 .

1044 5545 1055 5573 ι
1066 5526 1122 5600 illas
1132 5545 1143 5574 ι
1163 5529 1335 5581 amaritudines
1345 5529 1454 5582 odiorum
1469 5549 1480 5578 ι
1490 5531 1652 5595 dimiserunt,
1665 5533 1709 5586 rel
1725 5549 1767 5599 per
1777 5535 1821 5583 iste

1044 5588 1120 5640 adres
1130 5589 1257 5650 videsne»
1272 5599 1331 5652 ete,
1342 5592 1475 5657 designari,
1489 5593 1585 5644 videtur
1602 5596 1719 5648 pascuale
1728 5603 1820 5659 tcaput

1040 5664 1105 5764 affl
1110 5658 1413 5772 fflfflwffinc
1423 5654 1552 5720 legebatur
1563 5655 1623 5708 olim
1632 5666 1660 5711 et
1671 5659 1821 5724 expandat!
