3750 6270
206 235 254 293 etl
814 229 842 285 S.
862 227 1045 287 susbsitttt
1063 226 1213 287 Eetscttrt
1780 236 1832 297 ω

208 360 327 408 mentum
341 359 460 409 restmrn
474 365 527 404 nou
539 348 609 403 iulet
622 347 648 420 in
660 345 740 400 domo
752 353 839 400 vestra
855 343 915 416 (o)l
927 342 995 413 Quid
1047 339 1121 398 lotus
1135 342 1162 397 iu
1176 342 1346 400 conscientia.
1361 342 1452 416 iligna
1466 343 1599 411 solitudo,
1614 360 1666 417 qtra
1678 360 1734 405 nan
1745 347 1829 421 solnta

207 442 268 497 esti
282 449 408 514 quantum
418 440 479 501 cstl
490 438 570 495 Dolor
583 437 634 493 iste
651 435 795 491 admonitio
805 442 862 502 est,
878 433 995 489 nondum
1046 431 1135 488 nullus
1147 431 1283 489 hominum
1299 434 1402 504 transit,
1415 433 1464 491 sed
1477 450 1527 492 nec
1538 434 1618 492 ridet.
1633 433 1671 492 lbi
1680 434 1830 497 habitemus

208 529 354 588 damnatio.
365 530 455 588 Voluit
466 529 537 587 enlm
548 528 619 584 Deus
629 526 743 597 compati
756 533 914 582 testamento
922 525 995 597 pacis
1047 525 1074 580 iu
1085 538 1133 596 spe
1146 525 1166 594 ¹,
1179 525 1241 598 quia
1254 525 1371 583 nondum
1382 527 1409 581 in
1419 542 1459 584 re.
1470 527 1576 599 Etenim
1591 536 1673 584 toturn
1686 527 1758 600 quod
1768 528 1830 589 ioris

209 636 274 678 suae.
290 621 422 679 (landoles
436 628 594 681 testamento
608 628 663 686 tuo,
678 618 701 673 si
714 633 766 673 non
785 624 838 673 stet
851 624 996 673 testamen·
1046 623 1088 671 est
1104 624 1234 682 nostrum,
1253 614 1362 681 fluctuat
1380 618 1580 689 tempestatibus
1597 627 1626 675 et
1643 619 1831 679 mamanibus

206 721 263 767 turn
280 721 352 767 tuurn
366 712 392 766 in
414 711 494 767 domo
506 719 559 767 tue.
572 708 652 766 Certe
669 708 813 763 moriturus
826 721 870 775 es,
890 705 995 778 etquid
1045 704 1146 773 reculi-
1162 704 1211 762 Est
1231 703 1342 762 interior
1354 721 1470 775 eremum
1486 707 1522 764 lbi
1541 707 1735 781 lumem
1753 708 1831 767 ΜΘΝ

206 811 300 875 agatur
312 803 338 859 in
351 801 395 856 illa
408 800 489 857 domo
500 809 589 872 postea
601 800 764 855 nesciturus.
776 795 808 852 ln
820 796 867 852 illu
876 797 943 853 eninr
953 796 995 851 die
1045 803 1163 853 nostram
1178 813 1186 851 τ
1201 797 1405 869 interrogemus,
1419 799 1443 855 si
1461 808 1502 855 est
1513 798 1628 858 ebaritas
1642 802 1729 869 intus,
1743 802 1832 861 ridea-

205 893 313 967 perienr,
324 893 418 964 inquit,
429 908 514 947 omnes
522 890 684 963 crepitationes
695 890 749 957 rjrtr
759 886 844 963 (Psoi.
856 902 936 954 cxsr,
945 887 993 958 ll:

205 994 229 1042 et
247 1001 297 1041 non
317 991 449 1056 requescet
465 982 575 1056 mnplirrr
591 981 674 1038 locunt
687 998 763 1037 suurn
773 979 858 1055 (reat.
872 996 919 1050 ctt,
935 979 992 1054 lli).

204 1073 263 1130 llou
282 1087 346 1145 erqo
366 1075 481 1128 sciturus
498 1070 561 1143 quid
574 1081 664 1142 postea
684 1080 777 1143 agatur
796 1071 822 1126 in
837 1069 917 1127 domo
938 1079 992 1138 tua,

204 1178 265 1219 cunt
288 1168 407 1219 mortuus
428 1161 526 1228 lueris;
548 1161 623 1218 doles
641 1170 729 1217 tamen
749 1175 803 1217 nou
824 1170 895 1218 stare
912 1169 993 1217 testa·

203 1261 322 1308 tuentum
338 1263 411 1308 tuum
431 1253 458 1307 iu
470 1251 552 1308 durno
566 1260 619 1308 tua.
635 1251 755 1309 cbristus
771 1260 890 1309 mortuus
902 1267 992 1309 resur-

203 1344 281 1402 rexit.
298 1342 334 1399 de
351 1343 419 1400 coelo
439 1345 565 1414 respeslt,
584 1352 613 1399 ιιι
631 1350 683 1399 stet
697 1351 882 1399 testamentum
899 1344 991 1415 ipslus.

202 1434 305 1506 litigiis
328 1451 360 1490 ex
384 1433 475 1490 dolore
499 1444 562 1502 tuo,
585 1433 718 1505 corrigere
740 1449 771 1490 er
793 1435 910 1490 ertreiatu
935 1443 991 1492 tuo.

202 1524 288 1598 Liqrro
302 1526 372 1584 male
383 1541 464 1582 curvo
476 1526 545 1581 nosti
557 1527 673 1581 calorem
683 1525 770 1580 solere
781 1525 899 1582 adbiberi
911 1540 918 1580 ε
933 1541 993 1582 eor-

203 1615 271 1687 riqat
286 1624 313 1671 te
325 1615 401 1671 dolor
413 1615 478 1682 iste,
494 1614 611 1685 nundum
625 1623 666 1670 ost
678 1612 784 1668 llamnra
803 1615 871 1685 ignis
884 1615 989 1680 eterni,

1046 899 1115 953 mus,
1129 886 1152 942 sl
1166 874 1218 941 nnn
1232 886 1300 942 labia
1312 897 1418 956 sonant,
1431 889 1478 944 sed
1487 898 1626 961 etpcetus,
1636 906 1697 947 curn
1707 891 1831 960 dicimus,

1044 974 1151 1032 Dimitte
1162 975 1232 1032 nobis
1245 976 1329 1033 debito
1341 989 1438 1048 nostru,
1453 980 1516 1036 sirm
1529 991 1553 1037 et
1565 998 1612 1039 nor
1623 983 1773 1040 dimittimur
1786 985 1830 1043 tle·

1044 1067 1164 1125 litoribus
1184 1071 1280 1126 metris
1291 1070 1397 1143 (lintris.
1411 1087 1448 1142 ιι,
1468 1071 1524 1146 ta).
1545 1073 1575 1131 st
1591 1089 1683 1133 rerum
1700 1085 1790 1146 sonat,
1808 1079 1834 1135 si

1044 1173 1136 1216 rerum
1155 1158 1280 1231 dicimus,
1303 1159 1348 1217 ubi
1370 1177 1449 1219 nemo
1470 1162 1607 1220 ltoruinum
1629 1164 1711 1232 ridet,
1734 1165 1772 1222 ibl
1791 1176 1834 1228 est

1044 1264 1162 1319 eremus,
1184 1250 1229 1307 ubi
1245 1251 1437 1324 requiescimus
1459 1253 1485 1308 in
1504 1266 1567 1324 spe;
1581 1255 1641 1326 quia
1661 1256 1757 1312 transit
1775 1256 1843 1313 base·

1044 1342 1132 1397 omnis
1150 1341 1304 1410 tribulatio;
1319 1352 1347 1399 et
1359 1359 1419 1415 quas
1439 1358 1500 1415 spes
1516 1353 1586 1413 erat,
1600 1344 1646 1403 liet
1665 1361 1721 1414 res,
1736 1356 1766 1404 et
1782 1349 1833 1405 erit

1044 1439 1127 1485 toturn
1146 1440 1266 1488 nostrum
1290 1432 1316 1487 in
1336 1433 1438 1503 requie.
1452 1432 1510 1488 lam
1527 1435 1663 1507 conspicui
1679 1436 1758 1493 nobis
1776 1440 1830 1494 eri·

1044 1522 1136 1588 mus¹;
1149 1529 1177 1577 et
1189 1536 1241 1577 non
1251 1523 1366 1580 eritoris
1376 1533 1500 1595 tanquam
1510 1524 1672 1592 abscondita,
1682 1528 1828 1601 cogiqatior

1043 1619 1071 1666 et
1082 1627 1135 1668 non
1144 1612 1196 1668 erit
1208 1627 1315 1669 eremus
1327 1613 1489 1670 conscientia
1504 1631 1511 1670 r
1526 1615 1586 1687 quia
1600 1631 1696 1673 omnes
1710 1618 1761 1675 sibi
1775 1618 1831 1675 noti

204 1715 328 1777 tanquam
345 1707 420 1761 calor
436 1704 487 1762 uret
506 1715 548 1761 est
563 1705 685 1761 admotus
698 1719 780 1760 curuo
797 1705 871 1760 cordi
890 1713 945 1772 tuo,
964 1717 993 1761 ut
1042 1713 1135 1775 erunt,
1158 1714 1185 1761 ct
1204 1706 1379 1778 cogitationes
1397 1720 1459 1762 suas
1479 1707 1581 1779 ignotas
1601 1723 1655 1765 non
1676 1709 1831 1778 latebunt,

204 1796 267 1853 ltine
290 1797 462 1853 admoncatur
481 1805 509 1853 et
527 1796 684 1866 corrigatur.
706 1795 781 1864 bole,
792 1811 900 1866 prorsus
919 1805 992 1852 reete
1042 1810 1103 1852 cunr
1127 1794 1231 1852 venerit
1253 1795 1396 1860 Dominus,
1419 1805 1447 1853 et
1466 1797 1654 1857 illuminaverit
1677 1799 1833 1857 abscondita

202 1885 288 1952 doles,
312 1901 365 1942 non
388 1895 459 1942 stare
483 1895 669 1942 testamentum
689 1894 761 1942 tuum
784 1885 811 1940 iu
834 1885 914 1941 dorno
936 1896 989 1941 tua.
1043 1886 1228 1954 tenebrarum3
1250 1895 1278 1942 et
1298 1887 1476 1943 maniiestabit
1493 1889 1667 1959 coptuuoncs
1685 1889 1786 1957 cordis,
1804 1898 1833 1948 et

203 1980 303 2035 bomm
318 1979 374 2044 bei,
387 1993 434 2034 cor
448 1986 521 2033 tuum
540 1985 591 2033 est.
606 1975 634 2033 Si
650 1976 689 2031 ris
703 1977 792 2032 rulers
806 1984 990 2033 testamentum
1043 1986 1104 2034 tune
1124 1977 1182 2035 laus
1202 1978 1253 2034 erit
1273 1978 1414 2050 unicuique
1431 1995 1447 2034 a
1465 1979 1521 2036 ileo
1533 1979 1560 2051 (l
1575 1979 1634 2035 Gor.
1651 1996 1687 2046 tr,
1703 1981 1743 2052 ὅ).
1756 1981 1833 2038 Nune

203 2080 277 2128 tuurn
290 2073 316 2127 iu
328 2071 408 2127 domo
421 2081 475 2135 tun,
489 2085 572 2142 quare
585 2086 638 2145 non
651 2070 691 2125 vis
703 2070 791 2126 ualere
804 2079 991 2127 restameutum
1042 2084 1106 2125 uero
1117 2069 1192 2127 rides
1204 2069 1272 2126 duos
1286 2069 1407 2126 lromines
1421 2071 1447 2126 iu
1462 2071 1640 2139 tribulatione,
1652 2086 1700 2129 cor
1713 2073 1832 2144 ipsorum

202 2161 249 2217 bei
270 2161 296 2216 iu
319 2161 400 2217 ditono
417 2161 481 2231 soal
498 2160 613 2232 Dimittis
633 2161 694 2217 lillis
710 2160 763 2216 tuis
778 2162 901 2232 parietes,
921 2171 950 2218 et
967 2163 990 2218 si
1041 2161 1133 2218 ridere
1151 2176 1204 2217 non
1219 2169 1304 2234 potes·
1319 2161 1399 2219 Forte
1416 2162 1485 2218 alius
1502 2164 1667 2221 conscientia
1682 2166 1831 2236 tuordetm,

201 2251 280 2309 aliter
300 2252 369 2308 illios
387 2261 447 2308 tuos
465 2251 595 2308 divisuros
613 2252 729 2319 noreris,
751 2268 829 2322 quam
849 2261 878 2308 tu
897 2252 990 2325 dispo·
1041 2254 1108 2310 alius
1127 2254 1153 2309 in
1173 2254 1350 2320 conscientie,
1365 2263 1488 2326 tanquam
1509 2256 1536 2310 in
1556 2271 1659 2321 eremo,
1677 2257 1832 2328 requiescit.

202 2343 299 2410 sceris,
319 2343 403 2399 doles.
424 2343 462 2400 lie
480 2358 532 2400 uua
554 2342 634 2411 domo
651 2342 787 2413 uilissima,
798 2343 832 2400 de
845 2352 916 2401 tectu
933 2345 990 2427 rui·
1040 2343 1075 2399 Et
1087 2343 1234 2401 ramulam
1247 2345 1275 2400 irr
1291 2360 1373 2400 mento
1391 2345 1419 2401 iu
1433 2361 1477 2415 epe
1491 2361 1501 2399 .·
1513 2353 1537 2400 et
1554 2362 1670 2400 mmmm
1688 2345 1830 2414 mebant,

201 2442 272 2502 turo,
287 2443 413 2505 quantam
427 2449 518 2490 curam
538 2433 630 2499 ltabes,
645 2442 771 2504 quantam
785 2434 988 2491 sollicitudinem
1041 2433 1069 2495 id
1084 2444 1137 2504 est,
1155 2435 1272 2507 quietem
1291 2443 1416 2506 tauquam
1432 2435 1554 2492 alienatis
1569 2437 1692 2493 sensibus
1709 2437 1745 2493 ab
1758 2438 1831 2494 omni

201 2525 339 2597 concipis?
361 2522 588 2595 Quemadmodum
608 2522 762 2580 ardentibus
780 2523 906 2591 lebribtts,
928 2540 989 2594 pre-
1040 2526 1150 2598 strepltu
1169 2527 1276 2594 saeculi3
1298 2527 1370 2582 intus
1392 2527 1430 2583 ibi
1449 2528 1631 2598 requiescent,
1645 2529 1673 2584 in
1690 2530 1753 2585 risis
1766 2530 1786 2584 ⁸.
1801 2529 1830 2587 ln

200 2617 285 2674 tuenti
308 2617 417 2681 morbo,
440 2616 489 2688 ipsi
508 2615 587 2670 morti
598 2615 700 2687 urgenti
722 2614 840 2682 resistis,
862 2624 988 2687 quantum
1040 2615 1523 2689 ipsaiutusercmosuutririquidam
1534 2617 1670 2675 memorie
1678 2629 1828 2686 manarrtu,

200 2709 287 2783 peltes,
300 2710 428 2765 anhelans
440 2708 520 2764 uerba
534 2718 662 2775 extrema,
680 2716 709 2761 ut
722 2706 832 2779 impleas
848 2714 990 2764 testamen-
1039 2705 1156 2779 liquores
1177 2706 1281 2765 diuinus
1303 2708 1479 2764 scaturientes
1498 2723 1530 2764 er
1552 2719 1643 2766 mente
1663 2708 1828 2781 scripturam

201 2801 358 2872 tumiQuot
370 2800 536 2872 jurisperitos
555 2799 683 2865 consulis,
701 2807 812 2870 quantas
828 2795 945 2865 fraudes,
959 2805 991 2854 ut
1040 2798 1155 2861 tenentis
1179 2805 1208 2856 et
1232 2797 1385 2856 recolentis.
1411 2797 1517 2856 Etenim
1539 2799 1609 2870 quod
1633 2799 1736 2871 legisti,
1760 2800 1830 2872 quod

200 2893 253 2942 stet
270 2892 454 2941 iesldtnenlum
470 2893 542 2940 lutttn
560 2890 651 2938 cottlrtt
666 2882 750 2954 ipsam
770 2882 854 2955 legem
870 2881 988 2951 impera·
1039 2887 1147 2960 audisti,
1169 2889 1192 2944 si
1212 2902 1308 2960 purum
1321 2897 1350 2945 et
1368 2889 1493 2961 liquidum
1513 2897 1541 2945 st
1559 2899 1679 2946 sanctum
1694 2891 1831 2947 memoria

201 2976 277 3044 toris,
291 2977 421 3049 inquirisl
436 2977 472 3032 be
486 2976 607 3047 proximo
619 2975 664 3032 tibi
678 2973 820 3044 respondet
832 2975 913 3040 lleus,
928 2974 987 3030 ttott
1039 2979 1220 3046 mandaverim
1234 2996 1294 3036 eum
1307 2981 1420 3052 coeperis
1434 2979 1461 3037 iu
1475 2981 1518 3036 illa
1537 2982 1663 3038 interiore
1679 2998 1789 3051 eremo,
1803 2982 1829 3039 ld

201 3065 309 3122 iraudes
318 3081 447 3138 quaerere,
457 3066 511 3122 noli
522 3065 700 3123 calumniosas
708 3064 835 3121 formulas
844 3065 985 3137 aucupari:
1039 3078 1090 3135 est,
1099 3069 1125 3126 in
1135 3071 1204 3126 bona
1216 3071 1376 3127 cotrscientia
1389 3071 1567 3142 requiescere,
1576 3072 1707 3142 eliquatur
1717 3073 1752 3129 de
1763 3073 1829 3131 iute-

200 3158 241 3214 vls
254 3165 324 3214 stare
338 3166 521 3214 testamentum
535 3155 625 3212 tuuml
636 3154 694 3212 Stet
706 3156 733 3212 in
748 3166 774 3211 te
783 3170 883 3211 meum.
898 3154 985 3223 botes,
1039 3159 1154 3217 rioribus
1167 3160 1265 3215 montis
1279 3169 1347 3227 ture,
1367 3168 1395 3216 et
1408 3166 1498 3216 manat
1511 3160 1625 3231 quodam
1640 3162 1720 3218 modo
1739 3177 1827 3219 reeor-

199 3250 261 3322 quia
279 3249 479 3322 aeqrrisitionem
497 3257 567 3303 tuam
584 3247 653 3303 tollit
670 3246 748 3310 allus,
761 3261 840 3316 quem
853 3246 987 3303 nolebas:
1039 3249 1112 3308 datio
1123 3251 1198 3308 serbi
1211 3251 1272 3313 bei.
1288 3259 1316 3307 et
1327 3265 1387 3307 cum
1397 3252 1504 3307 caeteris
1522 3254 1666 3324 requiescis
1680 3255 1707 3309 iu
1720 3269 1787 3325 spe,
1802 3264 1828 3311 et

199 3337 262 3411 quid
271 3338 305 3395 de
313 3338 467 3395 hereditate
475 3353 532 3395 mea
541 3347 593 3396 tam
604 3340 667 3404 lata,
677 3347 729 3393 tam
741 3336 833 3407 pialln
841 3337 934 3393 muriae
943 3347 987 3392 teo
1039 3342 1106 3401 dicia
1118 3361 1126 3398 :
1139 3343 1238 3400 Verum
1257 3352 1309 3408 est,
1326 3343 1393 3398 benc
1411 3342 1475 3399 milri
1488 3352 1540 3410 esr,
1561 3344 1617 3415 ipsa
1629 3353 1670 3399 est
1684 3358 1747 3415 spes
1759 3360 1826 3411 anea,

199 3430 375 3487 beneficentur
394 3447 480 3486 vetitet
499 3439 582 3503 ueniet
601 3428 676 3502 (Geth
696 3445 763 3494 ¹¹¹¹,
783 3429 827 3502 lii)
841 3447 848 3483 ι
864 3429 919 3484 bisi
938 3444 988 3501 ego
1039 3433 1090 3490 boc
1102 3434 1166 3489 mibi
1179 3434 1299 3504 promisit
1317 3433 1396 3501 licus,
1411 3447 1464 3488 non
1484 3433 1619 3500 mentitur,
1633 3448 1745 3490 securus
1759 3450 1826 3490 sum.

198 3535 278 3578 serto
291 3537 365 3588 meo,
381 3521 445 3577 dicit
460 3521 506 3576 tibi
521 3520 608 3588 lleus,
624 3529 651 3575 et
662 3519 775 3575 credidit
787 3534 846 3574 curn
864 3519 920 3574 lta—,e
934 3536 988 3575 non
1039 3523 1075 3580 Et
1086 3525 1136 3580 ista
1148 3524 1275 3581 securitas
1287 3537 1398 3580 somnus
1407 3531 1449 3579 est
1459 3522 1486 3577 in
1499 3522 1572 3579 riuis.
1584 3522 1617 3578 Et
1628 3538 1745 3579 romaum
1754 3525 1828 3580 deis

199 3611 324 3668 rideret:
343 3621 370 3668 tu
384 3612 470 3678 rides,
491 3619 519 3668 ot
537 3600 628 3682 neges.
647 3610 716 3665 Eoos
728 3609 772 3666 ille
790 3608 889 3665 laetum
908 3618 988 3665 testa-
1039 3616 1100 3672 bunt
1112 3616 1140 3671 in
1153 3616 1224 3671 riuis.

199 3712 318 3760 tuentum
339 3704 462 3767 serravit,
483 3712 511 3758 tu
532 3709 651 3772 apertum
671 3697 808 3756 discindis.
823 3699 898 3757 Tune
915 3700 988 3757 onim
1073 3701 1483 3763 24.Berredietiorririnrier.-Et
1495 3701 1826 3759 duiodsirrrircuitueollir

199 3803 386 3853 testamentum
399 3803 532 3852 servatum
545 3801 595 3857 est,
606 3791 712 3864 quaudo
724 3791 841 3847 auditum
855 3800 910 3848 est:
927 3800 989 3846 tunc
1039 3798 1088 3859 enei
1112 3795 1316 3852 benedictionem.
1338 3794 1413 3851 Mons
1435 3795 1498 3850 licet
1519 3799 1564 3860 sit,
1584 3795 1660 3850 collis
1683 3795 1749 3850 licet
1772 3797 1826 3863 sit,

200 3899 321 3960 apertum
334 3897 389 3948 est,
405 3886 510 3958 quando
524 3884 662 3954 impletum
677 3893 729 3941 est.
741 3883 833 3954 Usque
851 3884 879 3939 ad
894 3899 988 3939 manus
1039 3887 1190 3961 incircuitu
1210 3887 1267 3957 ejus
1286 3887 1354 3941 bene
1374 3886 1409 3940 sit
1430 3886 1517 3940 nobis.
1537 3885 1619 3941 Collis
1636 3886 1694 3955 lpse
1706 3884 1828 3943 Cbristtts

199 3990 259 4035 tuas
269 3987 402 4034 servatum
414 3986 456 4032 est
468 3984 665 4032 testamentum.
676 3973 755 4030 Certe
765 3973 850 4030 liures
858 3974 898 4031 ris
909 3990 986 4030 esso:
1039 3987 1091 4035 est.
1105 3977 1232 4034 Sieenim
1246 3976 1341 4046 ipsein
1361 3960 1449 4030 medio
1471 3983 1601 4043 nostrum,
1618 3991 1668 4030 nos
1689 3990 1783 4033 sumus
1801 3978 1827 4033 in

202 4069 467 4140 tmurquidsietceurn
473 4065 986 4132 contunditcnbasrestuus,utdieattiln,
1039 4067 1149 4123 circuitu
1161 4065 1229 4137 ejus.
1244 4064 1402 4120 iamdudum
1410 4065 1480 4119 euim
1491 4064 1606 4131 dixerat,
1620 4063 1704 4119 Dauid
1712 4067 1828 4138 princeps

199 4158 360 4228 'lulleistam
371 4157 688 4230 partemeqntltarmaut,
698 4156 773 4212 'l'olle
784 4166 811 4212 tu
821 4157 990 4223 minorantes
1039 4159 1067 4219 in
1080 4159 1162 4213 medio
1176 4173 1273 4212 corum
1288 4156 1320 4211 Et
1334 4155 1394 4225 quin
1411 4155 1542 4226 princeps,
1557 4155 1618 4212 ideo
1631 4155 1708 4211 sollis
1724 4172 1732 4210 r
1751 4156 1825 4221 lenis,

200 4265 251 4323 eqo
263 4249 391 4321 maiorem
399 4248 412 4304 l
420 4247 479 4305 Non
488 4248 562 4312 dicit,
573 4247 657 4304 Simul
666 4246 815 4304 diuidamus
824 4262 831 4301 t
839 4247 897 4314 sed,
905 4246 989 4308 Simul
1040 4265 1094 4325 uon
1106 4249 1205 4305 arduus
1220 4257 1247 4304 et
1259 4247 1375 4302 dilllcilis
1385 4245 1539 4302 ascendenti
1552 4245 1616 4302 :sed
1627 4246 1649 4302 si
1661 4261 1716 4301 non
1728 4245 1763 4302 de
1774 4245 1828 4301 alto

200 4340 355 4397 babeamus.
364 4339 421 4396 iloo
435 4340 504 4396 enim
518 4339 600 4394 voluit
613 4338 657 4409 qui
676 4347 787 4395 testatus
800 4338 947 4408 emlperi,
961 4347 989 4394 et
1040 4341 1122 4414 pedes
1135 4349 1224 4410 ponat.
1241 4337 1274 4401 e't
1288 4337 1353 4393 dabo
1369 4338 1405 4392 eis
1418 4338 1444 4391 in
1457 4336 1563 4391 circuitu
1576 4337 1648 4392 collis
1666 4336 1715 4393 otei
1730 4335 1829 4391 benedi·

200 4433 269 4506 lege.
283 4432 315 4487 Et
328 4431 426 4488 clamas
438 4450 445 4486 ι
459 4429 497 4486 Ne
508 4429 704 4496 incenderetur,
715 4443 765 4500 eqo
775 4425 844 4492 locis
858 4444 892 4484 ne
902 4427 989 4484 ineen-

201 4522 321 4590 deretur,
334 4537 384 4594 eqo
402 4520 515 4576 serrari.
534 4519 573 4575 Ne
592 4517 786 4583 incenderetur,
810 4526 837 4574 tu
858 4517 990 4575 serrasti!

204 4614 283 4686 Aperi
297 4623 324 4669 et
337 4613 397 4668 ride
409 4613 469 4684 quia
483 4610 553 4666 trude
565 4608 745 4666 incendereris
756 4606 886 4665 serrasti:
897 4624 991 4682 quam-

167 4701 170 4707 '
204 4706 245 4763 ris
258 4715 284 4761 te
296 4719 416 4761 servasse
426 4703 496 4758 absit
507 4711 537 4756 ut
550 4700 672 4768 credam,
685 4715 764 4770 quem
778 4698 855 4755 rideo
868 4715 919 4756 uon
933 4714 990 4754 ser·

202 4812 266 4852 rare
278 4794 349 4867 quod
362 4795 445 4863 jubet.
462 4793 496 4848 Et
509 4809 605 4862 ροηιιιιι,
615 4792 649 4844 ud
667 4807 708 4846 ror
722 4800 896 4846 testamcutum
908 4791 988 4859 puris.

237 4886 351 4944 CAPUT
365 4884 434 4958 llll.
442 4913 478 4924 -
489 4883 533 4939 25.
548 4882 676 4938 llodltntio
688 4892 711 4936 ct
722 4883 792 4954 quiea
801 4882 826 4937 irr
836 4898 918 4937 erenro
927 4897 990 4936 corr·

202 4978 322 5034 scientim.
333 5007 369 5017 -
379 4975 414 5041 Et
430 4974 599 5030 exterminabo
614 4971 705 5027 bestius
717 4972 827 5027 motura
846 4980 921 5025 terra.
937 4970 990 5026 tse-

203 5072 283 5136 stlas,
300 5067 390 5123 hostes
407 5063 557 5121 testamenti
573 5062 655 5133 pacis.
670 5062 707 5116 lle
720 5061 779 5117 istis
791 5060 882 5118 bestiis
896 5060 993 5117 dicitnr

204 5157 231 5212 in
245 5156 360 5222 Psalmo,
374 5154 484 5227 increpo
494 5158 561 5225 seras
571 5152 662 5207 calcari
672 5149 757 5225 (Patri.
769 5166 848 5214 ιιιιι.
859 5150 915 5220 bt).
923 5148 992 5217 Quid

204 5252 258 5310 est,
280 5247 346 5318 [aas
363 5243 477 5300 colandi
499 5242 600 5299 Bestias
620 5239 783 5297 adversarias
802 5247 900 5294 sanetae
920 5237 993 5293 Scri·

205 5344 309 5414 pturae;
324 5334 384 5405 quia
410 5334 512 5389 calamo
529 5330 634 5402 scriptae
657 5338 728 5385 suut.
754 5327 931 5384 Exterminabo
949 5328 991 5383 be·

204 5425 266 5480 stiur
280 5423 359 5477 arulas
369 5440 385 5476 u
397 5433 464 5477 terro
477 5438 486 5476 .·
499 5431 521 5478 et
534 5419 679 5478 imbitubrrnt
692 5420 718 5474 in
730 5436 811 5474 eremo
823 5419 849 5474 in
859 5437 911 5491 epe.
924 5416 993 5487 Quid

206 5525 257 5582 est,
271 5517 297 5569 in
311 5516 414 5570 ercrrto?
426 5513 455 5570 ln
469 5513 620 5571 solitudine.
636 5511 705 5591 Quid
716 5519 776 5579 est,
791 5512 819 5567 in
833 5512 973 5570 solitudine

237 5630 274 5697 (a)
290 5629 339 5679 tid.
352 5628 477 5695 epistolam
487 5628 526 5691 ili,
537 5627 567 5678 ad
578 5626 735 5687 vincentium,
747 5639 771 5676 n.
784 5622 822 5675 lb.

1040 4433 1147 4488 ctionem
1161 4447 1171 4485 .·
1183 4440 1206 4486 et
1218 4431 1331 4503 deferam
1341 4430 1446 4485 imbrem
1463 4429 1489 4484 irs
1503 4439 1614 4500 tempore
1630 4446 1695 4496 arto,
1713 4429 1828 4501 pluviam

1042 4522 1116 4581 tterlti
1131 4520 1189 4585 bei.
1204 4520 1253 4587 Est
1263 4520 1334 4575 enirn
1348 4527 1376 4577 el
1394 4520 1479 4576 imber
1495 4518 1593 4586 malus,
1608 4520 1654 4590 qui
1673 4519 1765 4589 dejicit
1779 4519 1828 4576 dn-

1041 4627 1113 4671 urum
1126 4624 1206 4680 super
1219 4624 1327 4680 arenam
1342 4609 1527 4674 constitutam,
1543 4609 1585 4663 cui
1605 4624 1729 4679 magnum
1744 4619 1787 4667 est
1800 4618 1832 4669 ιιι.

1042 4701 1148 4757 resistat
1169 4699 1267 4765 donus
1284 4713 1365 4770 supra
1389 4707 1491 4768 petram
1515 4695 1622 4753 iurtdata
1643 4696 1759 4766 (liceri.
1781 4713 1825 4763 ru,

1040 4789 1136 4867 2427)
1150 4808 1157 4844 ι
1171 4789 1324 4847 tentationis
1335 4789 1405 4843 enim
1418 4787 1502 4842 imber
1511 4796 1562 4855 est,
1578 4785 1828 4857 retransmeare,

1041 4896 1095 4938 non
1111 4890 1208 4936 terram
1220 4880 1318 4948 rigans.
1329 4877 1386 4934 Non
1400 4878 1451 4933 erit
1464 4877 1524 4932 talis
1536 4877 1622 4945 imber
1631 4877 1690 4942 iste,
1704 4891 1785 4947 quern
1797 4890 1829 4932 se

1041 4969 1215 5036 dicitdelerre
1222 4968 1358 5025 Dominus.
1375 4964 1442 5036 Quid
1455 4967 1527 5025 euim
1543 4967 1598 5023 aitl
1614 4965 1713 5023 imbres
1731 4966 1829 5023 benedi·

1041 5061 1131 5141 erinnis
1140 5071 1223 5117 ernnt.
1234 5060 1390 5133 Suspectum
1406 5059 1544 5118 reiecerat
1557 5060 1708 5126 nutricatus
1722 5061 1827 5117 irnbcrr

1074 5197 1084 5228 ¹
1096 5201 1137 5245 lis.
1148 5209 1205 5254 rus,
1216 5193 1250 5246 ibi
1262 5190 1396 5244 bubimuus
1405 5189 1430 5241 itt
1440 5204 1489 5255 spe.

1075 5259 1085 5289 ²
1097 5256 1207 5319 uterique
1217 5263 1281 5315 ttss,
1292 5254 1318 5304 in
1329 5267 1372 5324 ια
1383 5253 1440 5315 quin
1453 5252 1640 5322 imuucortspicui
1649 5251 1715 5306 rrobir
1731 5253 1830 5306 etitntrr·

1042 5321 1091 5429 ili
1106 5315 1705 5439 ipsqtiptsstpmeffluqqg
1717 5310 1832 5425 listi

1042 5412 1201 5493 lbasmmmm
1217 5439 1348 5489 millenum
1362 5437 1495 5498 sequimur,
1507 5437 1545 5486 eui
1564 5414 1727 5501 sulira'tgatttur
1746 5448 1833 5505 munes

1042 5500 1108 5561 tiss,
1121 5514 1170 5550 uuo
1181 5506 1286 5563 excepto
1295 5497 1457 5566 cisterciensi,
1473 5499 1497 5545 iu
1508 5511 1557 5560 quo
1575 5498 1673 5562 legitur,
1688 5504 1712 5549 el
1729 5510 1776 5551 rtott
1785 5502 1831 5554 etti

1042 5558 1109 5615 tiabit
1120 5562 1260 5624 cujusquam
1268 5556 1406 5610 oenomao
1415 5555 1531 5627 coqitotio.
1549 5620 1553 5629 Ι

1076 5626 1159 5675 ’nune
1170 5625 1194 5672 in
1205 5634 1284 5685 giaco
1295 5627 1358 5681 ixx,
1371 5619 1485 5679 druensis,
1498 5619 1605 5673 srrltrbns.
