3728 6276
1570 160 1593 191 ’θ
1677 192 1682 201 .

700 257 985 325 sansucium.
1602 248 1656 334 nsi

130 398 186 456 rint
203 410 320 464 omna,
343 401 432 451 tamen
448 391 510 465 quia
528 390 573 447 alii
585 396 744 461 acceperuut
757 395 817 458 post
869 398 1026 461 accepturus
1038 396 1086 444 cst
1109 387 1224 445 &curua
1236 396 1278 444 cst
1293 387 1399 458 quidem
1415 385 1486 458 quoti
1503 386 1559 458 ipse
1570 386 1654 443 deun·

130 489 227 547 borum
237 528 246 555 ,
256 488 302 543 alii
323 493 484 557 acceperuut
497 490 558 554 poet
572 480 755 537 duodecimam
768 478 817 535 iro·
869 479 926 534 rins
942 479 981 535 illi
1000 479 1174 550 promittitur;
1186 478 1233 535 sed
1251 477 1357 535 differre
1377 493 1430 533 nou
1437 478 1555 548 jubetur.
1570 476 1645 532 Num·

130 578 162 637 lli
174 579 240 637 dieti
259 585 324 636 sunt
344 577 446 647 priores
459 575 612 645 accepisse,
626 572 673 643 qui
686 577 747 642 post
760 585 817 626 mo·
868 569 931 640 quid
943 570 1015 625 enim
1026 578 1053 625 et
1066 570 1103 626 illi
1115 570 1159 641 qui
1172 578 1234 626 sunt
1246 569 1279 626 ad
1288 570 1392 625 vineam
1404 567 1538 634 modesti,
1546 567 1653 638 quando

130 671 261 743 temporis
273 676 442 738 aeceperunt.
457 666 538 722 Primi
551 664 636 735 justi,
648 659 815 725 siculensi,
868 659 902 716 ad
915 661 975 717 illos
985 661 1073 716 exibat
1085 660 1283 733 paterfamilias,
1295 669 1323 717 ut
1333 659 1493 717 conduceret
1504 672 1571 731 quos
1581 659 1653 714 iure-

130 762 180 831 loe,
192 759 270 832 quasi
281 758 365 830 prima
377 759 441 814 irora
455 757 551 824 vocati,
564 755 714 812 iclicitalem
726 765 817 808 resur·
868 751 908 807 nit
930 750 997 807 ltora
1016 753 1105 818 tertia,
1124 762 1152 808 et
1169 753 1305 818 conduxit,
1320 751 1393 808 uerbi
1412 751 1506 822 gratia,
1529 750 1654 807 dixerunt

130 853 159 909 ia
178 850 318 909 uobiscum
336 849 470 920 accepturi
483 856 554 903 runt
567 846 620 901 ltili
636 842 816 914 instipoatil-
868 839 917 905 illi,
930 841 1070 912 Exspecta,
1089 856 1142 898 non
1164 843 1315 899 illusimus
1337 843 1387 899 nisi
1406 841 1473 897 liora
1495 842 1587 897 sexta?
1607 852 1654 896 aut

130 942 246 1008 niam,
258 941 342 1006 heac,
356 938 456 1004 tacut,
469 946 498 994 et
510 938 668 1008 quicumque
677 942 755 992 eraut
764 947 825 1005 sar·⁸
868 944 936 1001 quos
948 931 1049 987 invenit
1061 932 1125 988 ltora
1138 942 1223 996 sexta,
1233 933 1365 1000 ditemur,
1378 931 1435 988 Nou
1447 933 1515 988 imus
1527 932 1576 987 uisi
1586 932 1651 988 hora

130 1049 227 1090 sorum
238 1072 248 1099 ,
261 1031 344 1104 quasi
360 1031 435 1087 tertia
455 1029 520 1086 hora
538 1030 644 1094 uocati,
665 1025 815 1082 ielicitatem
869 1021 1007 1077 uoaalaut
1017 1036 1085 1093 quus
1098 1037 1167 1078 nuua
1181 1023 1290 1088 inuenit,
1306 1022 1505 1090 dixerunt,llon
1519 1024 1588 1078 imus
1601 1024 1652 1079 uisi

130 1124 236 1181 monia
256 1121 389 1192 accepturi
409 1129 472 1176 sunt
490 1120 638 1176 nobiscum.
660 1117 712 1173 Alii
730 1115 815 1186 justi,
867 1111 1025 1168 undecima?
1037 1111 1164 1170 Omnibus
1184 1114 1255 1170 enim
1276 1113 1438 1171 tantumdem
1458 1113 1568 1169 daturus
1587 1123 1650 1170 eat:

130 1222 175 1271 tet
195 1216 304 1280 saron,
328 1221 356 1269 et
374 1210 534 1282 quicumque
555 1224 615 1265 cum
629 1208 681 1264 illis
694 1217 817 1277 tanquam
867 1217 950 1273 quare
969 1212 1019 1259 nos
1037 1205 1151 1275 amplius
1170 1205 1325 1276 latigamuri
1337 1205 1405 1274 Quid
1418 1206 1463 1261 ille
1476 1206 1586 1262 daturus
1605 1206 1650 1270 sit,

130 1312 184 1361 sala
194 1303 291 1367 romu,
301 1301 455 1358 ielicitatem
465 1298 668 1356 resurrectionis
679 1295 817 1352 nobiscum
867 1294 968 1363 etquid
981 1293 1096 1352 lecturus
1112 1296 1157 1362 sit,
1181 1311 1263 1367 penes
1284 1297 1369 1367 ipsum
1389 1298 1528 1353 consilium
1546 1304 1588 1353 est
1602 1315 1609 1352 :
1623 1304 1651 1353 tu

130 1396 166 1453 ri
183 1403 256 1453 aaut
273 1394 337 1452 Post
348 1394 421 1465 ipsos
434 1391 574 1462 Prophetae
588 1389 673 1446 sancti
692 1398 816 1459 tauquam
866 1386 974 1457 quaudo
994 1388 1107 1455 vocaris,
1126 1390 1197 1444 reni.
1214 1389 1315 1445 llerces
1332 1390 1403 1445 enim
1421 1389 1525 1445 cunetis
1542 1388 1652 1460 aequalis

130 1502 184 1545 nra
195 1486 299 1556 rocci,
312 1485 434 1542 mmdcm
455 1482 607 1540 ieiicitatetu
621 1479 757 1537 uobiscum
770 1492 816 1535 ac·
868 1477 1048 1547 promittitur:
1063 1478 1110 1536 sed
1127 1480 1160 1535 tle
1174 1479 1229 1551 ipsa
1245 1480 1309 1536 iura
1319 1480 1456 1551 operandi,
1468 1495 1564 1553 magua
1577 1495 1652 1552 que·

130 1578 137 1635 1
158 1585 234 1635 mut
247 1576 278 1634 lu
298 1575 352 1632 due
370 1575 462 1632 saeculi
484 1588 578 1630 omues
596 1570 737 1629 Cinsdaui
759 1578 818 1625 tan-
867 1568 919 1623 stio
936 1577 987 1624 est.
1003 1567 1031 1624 Si
1050 1570 1120 1627 euim
1135 1570 1183 1638 illi,
1204 1570 1278 1627 uerbi
1300 1575 1394 1641 gratia,
1419 1572 1464 1642 qui
1484 1571 1571 1627 uocati
1590 1579 1654 1627 eunt

130 1666 265 1725 nomina
278 1665 345 1723 hora
358 1664 461 1732 ronti,
477 1663 631 1725 felicitatem
644 1660 716 1716 illius
728 1672 817 1715 mettr-
867 1658 933 1716 liora
946 1669 1031 1728 scala,
1047 1662 1073 1717 iu
1087 1661 1138 1717 lrac
1155 1671 1233 1718 astate
1249 1663 1368 1734 corporis
1382 1663 1528 1730 constituti,
1541 1663 1586 1719 uiri
1606 1661 1652 1733 itt·

130 1758 159 1819 b
170 1772 235 1816 urm
246 1757 300 1815 illis
316 1756 451 1828 accepturi
469 1764 541 1812 tunt.
551 1751 651 1810 Omnes
670 1750 750 1808 simul
770 1764 816 1807 ac·
867 1750 967 1807 seniles
984 1753 1046 1809 anui
1064 1751 1176 1819 terrem,
1191 1753 1260 1809 sicut
1279 1753 1336 1824 ipsa
1352 1753 1417 1809 ltora
1428 1763 1502 1810 sexta
1516 1754 1615 1821 ierret;
1629 1754 1653 1811 si

130 1856 229 1907 muta
245 1846 294 1905 scd
306 1846 394 1903 ridete
407 1845 470 1902 ilios
485 1845 601 1916 primus,
617 1850 678 1914 post
689 1847 816 1912 quantum
867 1839 986 1898 dicerent
994 1841 1031 1898 illi
1038 1841 1149 1912 iuuenes
1158 1844 1260 1900 rocam:
1271 1843 1412 1915 Exspecta,
1421 1844 1572 1902 audiuimus
1581 1845 1653 1900 enim

130 1938 293 2010 taceipiunt.
307 1937 337 1995 si
349 1951 413 2010 ergo
424 1937 463 1993 illi
473 1935 551 2007 primi
561 1933 742 2006 postmultum
753 1939 817 1988 tem·
869 1931 896 1987 iu
908 1932 1062 2013 Evangelio,
1074 1933 1136 2006 quia
1148 1948 1241 1990 orutrcs
1256 1944 1334 1990 uttam
1355 1935 1506 1993 mercedem
1519 1935 1653 2006 accepturi

130 2045 158 2089 ιι
169 2040 233 2105 poet
242 2030 377 2088 modiorum
390 2039 511 2100 tempus;
524 2027 646 2099 quamuis
656 2024 736 2082 simul
747 2025 817 2081 aocl-
868 2038 974 2092 sumam
986 2040 1049 2083 cum
1061 2041 1140 2084 senes
1156 2025 1217 2084 lacti
1233 2026 1370 2096 lucrinus,
1384 2028 1448 2084 laura
1459 2027 1652 2085 undecimove-

130 2138 148 2192 ι,
161 2122 267 2194 priores
278 2122 398 2179 ridemur
410 2121 563 2191 accepisse,
574 2119 635 2190 quia
647 2132 750 2176 merces
767 2131 816 2173 nu·
869 2115 990 2182 nicmos;
1002 2115 1163 2173 tantumdem
1181 2119 1325 2189 accepturi,
1345 2132 1427 2188 quare
1439 2117 1582 2175 laboraturi
1590 2115 1651 2189 (all

130 2213 287 2271 ntardaltit.
868 2206 1083 2278 desponderetur
1101 2208 1142 2265 cis
1161 2218 1189 2266 et
1206 2208 1340 2266 diceretur
1361 2209 1516 2267 :laborare
1534 2224 1588 2266 uon
1601 2209 1652 2274 ris,
1670 2196 1672 2200 ’

130 2304 237 2361 Μαι
253 2304 304 2359 rita
321 2311 423 2360 merae.
446 2301 552 2358 Erimus
571 2315 635 2372 ergo
653 2301 678 2356 in
692 2299 736 2356 illa
748 2313 818 2356 mer·
847 2302 913 2371 *qui
933 2309 1022 2359 utrum
1041 2302 1115 2358 ritas
1135 2317 1218 2374 usque
1237 2303 1272 2357 ad
1293 2311 1437 2366 senectam,
1460 2302 1562 2359 nesciri
1574 2302 1653 2359 Serta

130 2409 214 2453 musa
233 2395 359 2466 aquales,
378 2402 502 2464 tauquam
525 2392 602 2462 primi
623 2390 770 2457 nouissimi,
790 2399 817 2448 et
868 2389 1051 2458 iturarocarie,
1062 2392 1133 2448 veui.
1143 2391 1334 2449 Paterfamilias
1344 2393 1390 2449 tilii
1400 2393 1506 2464 quidem
1518 2393 1598 2450 etiam
1609 2408 1654 2448 un·

130 2487 170 2545 mi
186 2486 264 2559 primi
282 2502 291 2543 r
307 2486 369 2556 quia
389 2483 514 2541 denarius
529 2483 574 2539 ille
587 2483 639 2537 rita
652 2490 749 2538 aterna
763 2488 815 2549 cat,
868 2479 970 2538 decima
985 2482 1098 2538 uenienti
1115 2482 1252 2539 donarium
1266 2484 1389 2555 promisit
1400 2500 1409 2540 a
1421 2484 1468 2541 sed
1481 2495 1568 2540 utrum
1580 2485 1654 2540 ritas

130 2589 159 2635 ta
171 2583 272 2635 uerna
281 2591 375 2632 omnes
388 2575 502 2646 aequales
512 2584 599 2631 emm.
612 2572 737 2641 Quamuis
745 2574 817 2630 enim
868 2588 952 2646 usque
965 2573 999 2630 ad
1015 2576 1165 2646 tepdmam,
1181 2591 1261 2632 neum
1281 2577 1328 2632 tibi
1347 2577 1478 2647 promisit.
1498 2575 1557 2632 Non
1575 2575 1636 2631 dico

130 2683 189 2725 ram
205 2665 358 2724 diuersitate
377 2665 523 2738 luigelmnt,
544 2663 612 2719 alius
627 2662 729 2733 magis,
750 2663 818 2719 alius
868 2664 997 2736 usquead
1010 2665 1186 2734 undecimam,
1200 2667 1247 2723 sed
1261 2683 1345 2738 nsque
1359 2668 1394 2724 ad
1407 2669 1555 2737 septimam.
1566 2667 1653 2736 eraru

140 2777 150 2816 a
172 2757 247 2831 quoti
266 2766 357 2814 tamcu
383 2756 416 2812 ad
438 2756 519 2812 uitam
542 2766 670 2812 uternam
692 2754 816 2825 pertinet,
868 2770 932 2826 ergo
943 2754 1034 2812 didere
1046 2766 1183 2812 uocantem
1197 2766 1234 2826 te,
1247 2757 1380 2813 certusde
1391 2757 1525 2825 mercede,
1536 2757 1654 2813 incertus

130 2867 138 2909 r
158 2851 213 2909 erit
230 2849 364 2907 omuibus.
385 2846 443 2903 Non
461 2847 533 2903 enim
547 2846 625 2901 alteri
638 2846 689 2901 erit
703 2844 816 2915 lougius,
868 2845 974 2902 dedici
986 2845 1053 2904 lide
1065 2862 1100 2902 ne
1117 2846 1186 2904 iortc
1203 2847 1274 2919 quod
1293 2847 1341 2905 tibi
1352 2848 1397 2903 iile
1408 2847 1519 2904 daturus
1532 2856 1574 2904 est
1591 2863 1654 2917 pru-

130 2940 243 3007 lrurius,
260 2937 331 3010 quod
345 2937 445 3009 pariter
460 2937 650 3006 sempiternum
664 2945 705 2990 est
725 2952 731 2988 :
747 2933 818 3005 quoti
868 2937 1047 3014 mittendo,tu
1062 2939 1107 2994 tiot
1121 2939 1226 2996 auferas
1240 2938 1395 2996 differendo.
1414 2939 1444 2997 st
1461 2939 1513 2997 lroc
1526 2949 1599 2996 recte
1610 2939 1654 2997 tli-

130 3030 186 3088 titel
201 3029 293 3094 ducatu
309 3042 365 3084 nec
384 3026 432 3082 tibi
452 3026 570 3096 delebit,
589 3040 639 3082 uec
661 3024 735 3080 milri.
758 3024 818 3080 Alio
868 3027 1142 3099 citurdeiul'autilrus,
1155 3029 1322 3101 tauquamad
1337 3029 1430 3086 horam
1442 3031 1555 3102 primam
1568 3030 1653 3102 perti-

130 3121 161 3180 lti
181 3121 232 3179 erit
243 3120 353 3178 castitas
371 3118 525 3190 conjugalis,
540 3118 592 3173 alio
614 3116 693 3173 modo
713 3116 748 3172 ilai
767 3116 819 3173 erit
868 3117 1006 3187 nautibus,
1018 3121 1042 3177 si
1055 3130 1128 3177 recte
1140 3120 1237 3177 dicitur
1250 3119 1283 3176 de
1295 3120 1394 3191 pueris,
1413 3114 1537 3191 'tanquam
1553 3121 1587 3176 ad
1603 3121 1653 3177 lm·

130 3211 337 3283 tasrirgiualisa
354 3207 498 3265 ullomodo
515 3208 550 3263 ibi
570 3208 623 3264 erit
640 3205 741 3262 iructus
754 3205 816 3277 bopi
868 3224 926 3265 ram
944 3211 1048 3267 tertiam
1069 3211 1280 3282 pertinentibus;
1294 3211 1317 3267 ai
1335 3220 1408 3267 recte
1420 3210 1518 3267 dicitur
1533 3211 1655 3280 dejure·

141 3300 198 3359 utto
214 3299 296 3357 modo
307 3313 404 3357 corona
416 3298 556 3369 passionis.
570 3296 635 3352 iliud
648 3298 701 3352 aliu
715 3295 793 3352 modo
808 3314 815 3352 ε
868 3302 956 3370 nibus,
973 3312 1097 3375 tauquam
1110 3304 1137 3359 in
1152 3304 1225 3359 irorae
1238 3311 1321 3359 sexte
1331 3302 1468 3375 llagramm
1483 3303 1652 3359 constitutis:

130 3393 162 3451 io
179 3391 261 3449 modo
273 3408 282 3445 a
295 3400 383 3448 tamen
399 3399 524 3461 quantum
545 3390 659 3461 pertinet
674 3389 707 3444 ad
726 3389 817 3446 uivere
867 3401 967 3463 quanto
984 3395 1067 3464 magis
1085 3404 1157 3450 recte
1172 3393 1206 3449 de
1224 3392 1367 3464 decrepitis
1386 3393 1492 3460 dicitur,
1513 3392 1582 3448 Ecce
1597 3394 1654 3463 jum

130 3499 209 3551 uum,
220 3498 271 3540 uec
283 3483 328 3540 ilic
345 3483 404 3554 plus
415 3482 486 3537 viaet
499 3481 556 3547 illu,
568 3495 618 3537 nec
630 3479 676 3536 iile
688 3479 746 3550 plut
760 3480 815 3535 illo.
869 3485 933 3543 laura
942 3485 1080 3543 undecima
1093 3495 1143 3551 est,
1156 3495 1184 3543 et
1193 3485 1278 3542 adhuc
1288 3495 1353 3552 stas,
1368 3485 1459 3541 uenire
1468 3486 1542 3554 piger
1551 3485 1600 3541 esi

140 3576 216 3634 euim
236 3576 295 3631 sinc
313 3573 367 3629 duc
385 3573 486 3638 uiuunt,
501 3586 561 3627 cum
583 3571 609 3626 in
628 3572 684 3628 suis
706 3573 817 3642 quisque
902 3575 1015 3634 catut
1030 3575 1086 3633 itt.
1100 3575 1173 3634 -9.
1186 3575 1318 3644 Quomodo
1336 3574 1519 3648 pmmsrudlier
1535 3576 1653 3631 miltru-

130 3666 192 3725 ibur
212 3665 305 3722 rirat:
325 3672 352 3721 et
365 3662 410 3720 illc
429 3661 554 3719 denarius
573 3661 627 3716 rita
647 3670 745 3718 mterru
764 3671 814 3717 est.
867 3684 925 3723 ecre
944 3667 979 3721 ed
995 3667 1092 3722 marom
1108 3682 1191 3722 mam.
1213 3665 1326 3722 Ecclesia
1339 3667 1448 3736 loquitur
1462 3666 1574 3720 omniurn
1590 3682 1653 3738 pen·

130 3763 248 3814 armaret
259 3769 324 3826 crgo
335 3753 380 3824 qui
390 3760 451 3824 post
463 3752 574 3808 multum
587 3761 690 3820 tempus
703 3753 815 3823 accepit,
868 3758 930 3811 tium
942 3754 1166 3828 nequeamus
1176 3769 1230 3811 uon
1239 3755 1304 3812 exiit
1316 3756 1350 3812 ad
1362 3763 1390 3812 te
1404 3754 1552 3811 rorandum
1563 3763 1653 3825 pater·

130 3842 818 3918 000100110010000000001010100000001111.11111111·
867 3847 999 3905 iamillasl
1010 3846 1038 3904 st
1051 3862 1103 3903 uon
1113 3847 1186 3911 exiit,
1199 3846 1262 3919 quid
1274 3846 1399 3919 estquod
1412 3847 1560 3918 loquimuri
1571 3846 1654 3902 Ncm-

130 3938 169 3995 ilii
192 3936 322 4002 donatum
337 3933 456 4005 utrisque
469 3942 559 3989 tamen
571 3948 623 3988 nna
637 3948 681 3990 res
693 3934 815 3990 donatur.
867 3957 902 4014 pq
911 3955 961 3998 uos
971 3939 1041 3997 serui
1052 3938 1086 3996 de
1102 3936 1201 3995 iamilia
1212 3918 1295 4008 ipsiius
1308 3952 1411 4005 sumus,
1424 3937 1574 3995 conducere
1585 3952 1651 4010 ope-

130 4028 176 4087 ΠΤ
201 4026 235 4083 V·
245 4056 280 4068 -·
290 4026 316 4081 7·
331 4025 462 4093 00000000
473 4025 547 4079 00100
559 4025 732 4097 mallim
743 4041 817 4081 0000·
868 4036 952 4090 rarios
964 4032 1039 4089 missi
1049 4046 1151 4088 sumus.
1163 4029 1232 4098 Quid
1242 4046 1306 4102 ergo
1315 4032 1387 4087 stasl
1398 4027 1490 4086 Finisti
1502 4031 1557 4100 jam
1567 4045 1652 4086 anno-

139 4121 235 4194 prim·
250 4120 392 4185 willam·
406 4117 454 4173 Essl
465 4127 492 4174 01
506 4117 532 4172 00
542 4118 591 4174 ῑο10
605 4118 658 4174 lili
672 4117 816 4175 0111010011·
868 4140 926 4181 rum
949 4138 1105 4186 numerum,
1125 4120 1219 4177 destina
1240 4120 1273 4176 ad
1290 4120 1437 4177 denarium.
1459 4120 1517 4177 linc
1526 4129 1568 4176 est
1581 4119 1652 4175 enim

130 4220 256 4282 tcxcepta
271 4209 315 4264 illa
326 4208 459 4266 solutione
472 4207 653 4262 similitudinis
666 4206 816 4278 huiusque
867 4215 941 4273 exiro
962 4212 1187 4286 patremfamilias,
1210 4212 1376 4268 innotescere
1395 4210 1538 4280 :quoniam
1558 4209 1605 4280 qui
1625 4210 1653 4265 in

130 4312 211 4359 untur
224 4299 310 4372 prima
327 4298 392 4353 itera
406 4298 493 4353 vocati
511 4297 578 4352 Abel
590 4305 618 4353 et
634 4296 716 4367 ipsias
727 4297 815 4353 seculi
867 4305 948 4362 domo
958 4303 1048 4371 esum
1065 4302 1156 4358 abdito
1173 4311 1224 4366 est,
1239 4317 1291 4357 non
1305 4300 1408 4356 uidetur
1426 4301 1461 4357 ab
1473 4300 1513 4356 cis
1530 4300 1575 4372 qui
1588 4299 1653 4357 ioris

130 4393 202 4451 ertia
223 4390 355 4447 Abraham
377 4398 406 4445 et
426 4389 510 4460 ipsius
533 4388 623 4443 saculi
643 4389 719 4457 iusti,
742 4397 816 4444 acala
867 4402 945 4460 suut;
963 4407 1025 4450 cum
1045 4402 1132 4449 autem
1151 4390 1480 4456 exiitdedomo,vitlutur
1497 4391 1533 4446 alr
1551 4390 1653 4462 eisqui

130 4484 271 4541 ¹eldarun
281 4489 308 4536 et
318 4479 496 4551 ipsiussauculi
508 4479 583 4546 Justi,
594 4492 663 4534 1101111
677 4478 817 4549 Prophetae
868 4485 932 4541 loris
955 4491 1026 4540 sunt.
1040 4482 1172 4548 Christus,
1185 4481 1290 4552 quando
1313 4496 1365 4537 nou
1388 4479 1542 4553 intelligitur
1559 4489 1587 4537 et
1598 4496 1653 4536 non

130 4592 157 4633 ur
170 4574 262 4633 rrucuii
282 4573 357 4644 iusti.
371 4571 509 4627 undecima
524 4579 646 4639 tanquam
659 4571 685 4626 iu
701 4573 752 4628 line
765 4586 817 4628 sae·
867 4573 1029 4646 agnoscitur,
1042 4573 1069 4628 in
1079 4581 1183 4627 secreto
1192 4579 1234 4627 eat
1247 4589 1255 4626 ε
1270 4571 1376 4642 quando
1386 4581 1476 4626 autem
1490 4571 1653 4643 agnoscitur,

130 4665 237 4724 tristiani
251 4679 360 4731 omncs;
374 4673 485 4734 excepta
506 4661 636 4718 solutione
657 4663 706 4717 ista
724 4662 818 4719 simili·
868 4665 932 4722 exiit
943 4663 1101 4720 conducere.
1121 4663 1160 4717 Ex
1180 4662 1283 4717 occulto
1297 4663 1368 4717 enim
1387 4662 1516 4731 processit
1534 4661 1567 4717 ad
1582 4662 1653 4717 uoti·

135 4757 226 4829 liuius,
240 4762 268 4812 et
281 4755 308 4809 in
321 4754 370 4809 ista
383 4754 435 4807 vita
450 4760 539 4807 nostra
554 4761 641 4821 potest
649 4751 750 4809 adverti
760 4753 817 4809 lracc
869 4756 931 4811 tiam
948 4773 955 4809 :
975 4765 1054 4811 notus
1071 4764 1113 4810 est
1132 4753 1262 4818 Christus,
1282 4753 1379 4824 ubique
1399 4753 1557 4825 praedicatur
1575 4754 1654 4811 Cirri-

130 4846 182 4905 rdo.
196 4846 333 4916 Tanquam
354 4843 424 4899 euim
442 4842 528 4912 prima
542 4841 606 4896 hora
621 4853 755 4911 uoctntttr,
771 4845 816 4915 qui
868 4858 940 4914 suts;
963 4846 1074 4919 gloriam
1093 4845 1191 4900 Christi
1214 4845 1303 4900 outrria
1325 4861 1499 4918 quaecumque
1518 4856 1582 4903 sunt
1603 4848 1654 4904 suh

130 4936 305 4994 sahulem
328 4933 420 4989 matris
440 4931 568 5003 incipiunt
590 4932 814 5000 cssecirristiani;
868 4940 937 4995 curio
950 4939 1075 4995 clamant.
1089 4935 1150 4993 Fuit
1161 4935 1293 4992 irrisibilis
1304 4936 1419 5007 quodam
1432 4937 1512 4994 modo
1526 4947 1552 4994 et
1566 4953 1654 5008 repre·

130 5029 209 5097 ertia,
220 5027 311 5098 pueri;
325 5026 399 5098 quasi
413 5034 496 5088 serta,
508 5023 637 5093 iuuenes3
650 5025 725 5095 quasi
737 5040 816 5092 nona,
870 5027 1009 5085 heusibilis
1020 5025 1211 5093 interludaeus,
1222 5026 1295 5082 risus
1304 5034 1347 5083 est
1358 5027 1474 5092 ltumilis,
1486 5036 1654 5097 contemptus

130 5128 169 5177 ter
178 5119 207 5174 iu
219 5118 340 5183 senium;
357 5116 432 5186 quasi
443 5114 591 5180 undecima,
602 5115 712 5170 omuino
722 5115 816 5172 decre·
869 5128 921 5174 est.
934 5116 1088 5183 occultabat
1100 5117 1171 5171 euim
1189 5116 1364 5186 maiestatem,
1379 5128 1528 5189 promptam
1540 5117 1656 5175 habebat

130 5226 194 5269 num
209 5221 298 5266 muron
309 5208 371 5264 ritae
383 5216 491 5264 eterna
503 5206 642 5263 denarium
662 5221 755 5263 omues
771 5223 816 5264 ac·
870 5205 1060 5263 iuduuitatem.
1071 5205 1256 5276 contemptum
1271 5216 1312 5262 est
1325 5208 1352 5263 in
1364 5208 1410 5264 ilio
1420 5208 1491 5280 quud
1503 5220 1654 5281 promptum

130 5340 140 5356 ,
870 5309 938 5366 erat,
953 5312 1003 5353 uec
1015 5298 1148 5367 cognitum
1161 5296 1230 5367 quod
1243 5299 1374 5354 occultum
1391 5311 1456 5357 erat.
1475 5302 1503 5359 Si
1523 5302 1594 5358 enim
1606 5319 1654 5359 cu·

130 5389 176 5450 01
194 5388 240 5445 Vi.
254 5417 291 5432 -·
302 5387 330 5443 8.
344 5384 379 5441 tn
391 5387 488 5455 eosqui
497 5386 576 5440 oocuti
587 5385 621 5439 ud
632 5386 727 5441 oiuetun
738 5387 819 5442 uenire
870 5389 1033 5460 gnorissent,
1043 5401 1175 5457 nunquam
1191 5387 1329 5443 {lominum
1350 5391 1441 5461 gloriae
1461 5393 1656 5451 crucifixissent

130 5490 160 5537 ιι.
171 5480 225 5539 Sed
244 5478 373 5535 attendite
388 5487 416 5533 et
429 5477 577 5548 intelligite,
600 5476 696 5534 iratres
708 5479 771 5543 mei,
785 5494 819 5534 nc
873 5479 961 5552 (iiior.
978 5495 1007 5546 u,
1022 5479 1060 5550 8).
1081 5478 1212 5550 Numquid
1226 5478 1528 5542 adhuccoutcmucudus
1550 5496 1592 5543 est
1612 5504 1656 5544 sc-

130 5572 213 5643 risque
223 5570 330 5627 diderat
345 5568 436 5624 uenire
449 5567 482 5623 ad
501 5567 616 5634 vineant,
631 5568 692 5639 quia
710 5584 819 5647 securqs
871 5571 937 5626 dcns
961 5569 987 5624 in
1008 5570 1086 5634 coelo,
1101 5568 1123 5623 si
1143 5578 1309 5641 contemptus
1332 5580 1374 5630 est
1397 5589 1459 5633 cunr
1478 5577 1604 5648 penderet
1628 5580 1655 5633 iu

130 5665 209 5723 mium
220 5661 440 5738 quandocumque
454 5660 566 5727 uenerit,
581 5661 666 5732 ipsum
681 5660 817 5717 deuterium
904 5671 940 5734 (u)
949 5678 1027 5735 torte,
1036 5669 1137 5737 unrtnu
1146 5667 1282 5725 ulerunt
