3728 6276
1186 171 1232 196 w

710 230 985 294 senntiuxxrtx,
1601 240 1655 301 Β,

149 350 213 425 eda
232 349 408 409 munectnri
422 363 515 406 snmus
529 348 558 404 in
571 342 623 403 tine
637 346 737 412 seculi,
752 345 815 416 quia
866 345 1091 404 ai’iliohominis
1108 356 1137 406 et
1155 348 1347 408 descendentes
1364 348 1398 406 ad
1417 349 1514 407 dilium
1526 349 1653 420 lrominis,

144 442 185 499 tin
199 450 341 511 eternum,
354 442 377 499 si
396 457 457 499 eum
479 455 532 497 non
550 438 755 506 contemnimus,
768 452 813 496 re·
867 436 944 506 quasi
957 438 1140 495 tantummodo
1158 455 1264 496 sumtum
1276 449 1347 497 esset
1358 456 1365 495 :
1377 442 1435 507 scd,
1453 441 1613 497 ascendentes
1630 449 1655 498 et

153 529 213 588 noe
228 530 329 589 dictum
350 531 455 602 proprie
469 531 569 601 accipe,
589 528 644 584 noli
664 527 760 598 ligurus
773 527 814 582 in·
867 526 1089 584 descendeneeead
1096 527 1195 584 Filiam
1206 531 1325 587 hominio.
1337 531 1407 588 Audi
1418 546 1524 588 sursum
1537 532 1655 589 clamau-

145 636 155 676 ε
169 621 241 680 sicut
253 630 296 678 est
308 620 418 688 dictum,
432 622 467 676 ita
481 629 509 678 ct
519 630 571 677 εει.
584 619 629 675 Sic
641 619 721 674 etiam
733 617 812 673 lacta.
868 628 922 674 tent
943 615 1041 674 Filium
1060 618 1177 677 hominis
1188 638 1195 675 :
1207 620 1297 689 Saule,
1322 621 1411 679 Sosio.
1435 622 1504 678 Audi
1527 621 1654 680 deorsum

144 711 311 784 tdpostolns
323 711 516 784 ierosolymam
524 710 615 766 uidero
623 708 740 775 Petrum,
752 707 815 770 lecit
867 707 963 764 Filium
978 708 1109 766 Dominis:
1123 711 1191 780 Quid
1205 728 1244 768 nae
1258 713 1410 785 misouerit
1424 713 1492 784 (Act.
1507 730 1544 780 rx,
1555 712 1602 786 tlt

144 801 243 870 stolus,
253 801 351 859 tuocum
361 810 412 870 est,
421 801 505 872 ipsius
516 801 652 872 proprium
662 797 812 870 cst(Golat.
900 800 929 856 d.
948 798 1058 855 Facient
1078 817 1134 857 aere
1158 812 1255 873 pettam
1277 812 1303 859 et
1322 803 1484 860 ailtitomintts
1506 804 1653 875 fipurutttm.

144 892 601 965 nentumremgesumgestum
615 893 699 962 ipsum
715 905 812 949 sccun-
866 888 971 946 Audisti
1000 889 1102 948 dictum
1123 893 1278 962 proprium,
1302 893 1364 964 quia
1396 893 1574 950 resurrecturi
1607 908 1653 948 su·

144 983 305 1056 tprietatcm.
317 981 603 1055 Perllguramdictum,
614 980 814 1053 Lapidanomm
867 994 926 1038 mus
943 999 949 1034 :
965 979 1064 1038 lictum
1075 983 1218 1053 proprium,
1234 983 1294 1055 quia
1305 984 1373 1040 sient
1382 983 1481 1040 dictum
1491 992 1543 1053 εει,
1557 999 1653 1040 ascen·

144 1074 447 1145 erentoedipieantes,tie
458 1077 540 1145 {octat
550 1072 625 1128 estin
639 1071 814 1144 coputanpttti
866 1070 905 1127 tlit
923 1069 1021 1127 Paultn
1039 1070 1231 1144 lerosolymam
1251 1071 1340 1130 sidere
1354 1073 1472 1131 Petrum.
1488 1074 1592 1131 Dictum
1611 1083 1654 1132 est

145 1180 210 1234 reu,
224 1163 276 1230 ἃς
291 1163 384 1218 llottit.
396 1179 451 1231 rrr,
466 1163 524 1235 ld).
538 1163 567 1219 Si
581 1161 695 1234 lapidem
707 1161 814 1233 proprie
867 1157 1027 1231 figuratum,
1043 1159 1166 1233 Lapidem
1185 1179 1258 1234 ouem
1271 1163 1464 1234 remotmemnt
1477 1165 1653 1235 edificemus

144 1271 215 1317 mus.
229 1270 310 1328 ouem
329 1255 444 1326 lapidem
460 1255 669 1324 reprobaverunt
680 1252 814 1308 aeoissmn-
867 1247 964 1304 lactum
976 1249 1117 1322 Dpurotum
1129 1292 1138 1319 ,
1152 1260 1249 1308 unctus
1260 1251 1337 1323 lapis,
1353 1253 1397 1323 qui
1407 1252 1455 1308 tuit
1467 1253 1500 1309 ad
1513 1263 1592 1326 caput
1605 1255 1653 1311 ta·

144 1354 219 1403 retus
228 1345 312 1402 estin
322 1353 402 1415 capnt
411 1344 518 1416 anguli?
530 1343 557 1400 Si
569 1343 693 1414 mrgulum
707 1341 814 1412 proprie
865 1339 926 1395 cot.
936 1339 1051 1397 Del·etur
1060 1341 1253 1412 exspectationi
1262 1352 1356 1399 vestrm
1364 1343 1433 1414 quod
1445 1355 1598 1416 oxutrooue
1607 1347 1653 1414 sit,

144 1450 196 1500 tu,
207 1435 234 1491 in
244 1435 321 1505 cuins
331 1434 419 1503 anguli
429 1432 607 1504 capitelactus
616 1431 735 1502 estlapis
744 1429 813 1488 istet
866 1436 895 1484 ct
906 1429 1124 1503 propriepestum
1134 1440 1212 1488 estet
1225 1430 1354 1504 significat
1363 1431 1513 1505 figuratum.
1526 1435 1654 1491 Novimus

143 1527 288 1584 dedictum
302 1526 484 1590 admittamus,
496 1535 524 1581 ει
536 1525 626 1595 capias
636 1523 763 1595 dauratm
774 1523 814 1578 la·
866 1519 1000 1578 Altralram
1011 1521 1079 1580 duos
1087 1522 1157 1581 lilios
1171 1523 1305 1595 habuisse,
1314 1540 1395 1581 unum
1409 1541 1443 1583 er
1457 1528 1652 1594 ancilla,alium

143 1617 212 1674 iaris
224 1617 364 1682 Cltristus3
379 1624 458 1687 caput
467 1614 566 1686 anguli,
579 1622 658 1686 caput
674 1612 811 1668 Ecclesiae.
865 1624 898 1667 er
911 1611 993 1670 ittera
1006 1630 1014 1680 ;
1029 1615 1135 1685 proprio
1149 1625 1263 1686 gestum,
1278 1631 1332 1671 non
1343 1616 1429 1673 solum
1444 1629 1592 1687 narratum,
1605 1620 1653 1676 sed

143 1710 232 1781 mutus
244 1707 381 1765 Ecclesia?
393 1706 461 1776 Quia
470 1704 658 1769 hircludtcos,
671 1701 814 1759 hincGen-
865 1712 894 1758 et
904 1701 1003 1759 lactum
1015 1719 1022 1758 ε
1034 1703 1175 1775 figuratum
1189 1705 1224 1762 ibi
1234 1706 1389 1776 exspectes?
1400 1705 1462 1762 lites
1472 1717 1533 1763 sant
1542 1709 1592 1764 duo
1606 1708 1654 1765 Te·

145 1801 194 1868 rit,
205 1809 234 1857 et
244 1800 319 1871 quasi
331 1799 399 1855 duos
412 1799 526 1870 parietes
538 1797 573 1853 do
584 1796 691 1853 diverso
703 1795 813 1852 venien·
864 1803 988 1850 ttonnnto
1001 1794 1097 1867 (Getae.
1111 1813 1156 1865 tv,
1170 1796 1225 1865 22,
1240 1797 1298 1869 et).
1313 1797 1390 1869 Quod
1403 1816 1467 1872 ergo
1482 1801 1594 1874 ligurate
1611 1804 1653 1860 di-

143 1905 161 1946 n
179 1904 210 1944 se
221 1888 409 1946 conuenientes
420 1903 476 1944 suae
489 1886 561 1958 pacis
572 1886 656 1958 gratia
668 1885 811 1957 colligavit.
864 1884 952 1954 citur,
967 1886 1082 1957 quodem
1094 1887 1174 1944 modo
1186 1890 1303 1961 lingitur.
1317 1889 1505 1963 sedquoniam
1518 1893 1598 1952 debet
1611 1897 1652 1968 lo)

143 1980 210 2036 σείει
221 1995 272 2052 poe
282 1989 368 2035 nostro
378 1979 422 2050 pti
431 1979 490 2049 {ecit
499 1986 605 2047 utroque
615 1974 811 2048 anamllt'pitct.
863 1975 968 2031 exitum
982 1975 1199 2048 significationis,
1214 1988 1241 2035 et
1255 1978 1311 2051 ipsa
1324 1981 1482 2053 significatio
1496 1984 1650 2058 uenenato)

865 2063 945 2122 iidem
959 2066 1097 2134 ueritatis,
1112 2068 1177 2124 vitat
1186 2069 1286 2125 crimen
1296 2068 1429 2127 salsitatis.
1442 2071 1512 2130 Ecce
1526 2075 1592 2130 exiit
1608 2089 1653 2132 se·

143 2170 212 2216 etam
233 2161 382 2233 ppueatnnt.
403 2159 523 2215 Audistis
540 2158 642 2215 dictum
663 2157 810 2228 proprium,
864 2154 969 2212 minans
986 2158 1137 2226 seminare;
1152 2160 1344 2217 etssminando
1357 2162 1489 2220 ceciditin
1504 2165 1545 2221 tia
1556 2206 1565 2234 ,
1578 2167 1651 2224 oeci·

143 2251 290 2322 proprium‚
305 2250 404 2307 dictum
426 2250 566 2321 figuratum
579 2265 586 2302 :
598 2249 757 2318 exspectatis
772 2245 812 2302 lu·
863 2245 904 2302 dit
914 2261 995 2318 super
1006 2255 1111 2318 petrosa
1128 2249 1198 2318 loca,
1213 2250 1309 2308 cecidit
1320 2251 1389 2310 inter
1399 2254 1500 2325 spinas,
1515 2256 1611 2313 cecidit
1622 2257 1651 2315 iu

143 2352 259 2399 uratum.
272 2341 352 2397 ilulta
366 2348 438 2406 sunt,
451 2339 498 2396 sed
512 2339 618 2395 interim
629 2338 700 2409 quod
712 2352 810 2395 occur-
865 2346 962 2394 terram
972 2338 1078 2395 bonam.
1092 2340 1157 2409 Quis
1168 2341 1233 2397 exiit
1244 2342 1387 2411 seminare,
1402 2352 1447 2400 aut
1457 2346 1563 2417 quando
1574 2349 1649 2417 exiit,

142 2430 312 2487 idmonitione
335 2429 430 2500 lapidis
448 2429 592 2499 angularis,
612 2427 720 2498 quando
734 2429 812 2483 unxit
863 2438 910 2485 aut
919 2429 945 2485 in
955 2445 1022 2502 quas
1035 2432 1145 2502 spinos,
1160 2441 1206 2488 aut
1221 2433 1248 2491 in
1259 2449 1327 2505 quos
1337 2435 1457 2508 lapides,
1471 2445 1519 2495 aut
1531 2437 1558 2495 in
1570 2454 1650 2511 quant

149 2520 333 2592 tammonem
356 2520 389 2576 ad
408 2527 487 2589 caput
499 2525 624 2588 posuerat
637 2532 699 2573 cum
710 2516 811 2572 dormi·
862 2521 943 2589 riam,
956 2531 1003 2580 aut
1012 2523 1040 2578 in
1054 2538 1131 2594 ouem
1145 2525 1261 2596 agrum?
1274 2525 1302 2584 st
1320 2525 1396 2583 nudis
1407 2528 1509 2598 imunt,
1525 2528 1650 2603 intelligis

142 2627 185 2686 pro
197 2627 292 2669 somno
309 2627 434 2684 magnum
451 2611 584 2666 somnium
600 2609 711 2678 uiderat,
726 2610 810 2666 scalas
862 2613 1034 2686 signiticatite
1044 2633 1050 2670 :
1062 2617 1152 2673 lictum
1162 2626 1213 2674 est.
1223 2617 1251 2676 Si
1261 2619 1332 2676 enim
1343 2620 1650 2683 verehomoseminatot·

142 2702 268 2760 ncoelum
282 2711 420 2772 surgentes
432 2707 460 2757 et
474 2700 597 2756 homines
610 2698 649 2772 (o)
663 2697 811 2757 ascenden·
861 2705 966 2770 exiret,
980 2707 1139 2776 cesonino,
1154 2709 1222 2766 sicut
1234 2710 1401 2778 audiuimus,
1416 2727 1465 2785 per
1474 2712 1532 2771 nec
1542 2714 1648 2774 diversa

142 2793 314 2862 soendemm,
325 2793 494 2849 incumbente
503 2807 584 2863 super
590 2792 676 2848 scalas
684 2792 808 2860 Domino,
859 2794 982 2865 jactaret,
996 2811 1050 2852 non
1068 2807 1126 2854 erat
1136 2796 1237 2867 dotum,
1251 2799 1300 2857 sed
1318 2816 1368 2858 nec
1381 2801 1559 2859 mendacium.
1576 2804 1650 2863 Non-

143 2887 231 2958 tquid
242 2885 367 2942 debuerit
378 2885 501 2956 figurare,
513 2883 583 2940 unde
596 2884 674 2940 nobis
685 2883 810 2954 probaret
860 2885 925 2942 dum
934 2896 1022 2945 autem
1033 2887 1133 2956 ictum,
1148 2890 1196 2946 sed
1207 2906 1261 2947 non
1272 2893 1450 2951 mendacium.
1465 2893 1571 2964 Quare!
1581 2898 1648 2967 Quia

142 2976 267 3032 ·risionis
278 2985 306 3031 et
321 2976 490 3032 revelationis
503 2974 639 3031 intellectu
651 2988 681 3030 se
692 2973 807 3030 alienum
860 2975 991 3047 sipnidcat
1010 2978 1128 3048 aliquid,
1143 2979 1214 3050 quod
1235 2981 1325 3038 dotum
1346 2991 1407 3050 est,
1421 2999 1476 3040 non
1495 2996 1522 3042 ιε
1539 2986 1647 3058 decipit.

142 3081 178 3133 te,
188 3065 302 3138 lapidem
313 3063 686 3138 prochristoiguravitldm.
712 3080 807 3132 xxviro,
859 3064 961 3135 Querit
972 3067 1180 3140 intelligentem,
1195 3068 1321 3127 nonlacit
1333 3082 1475 3130 errantem.
1490 3074 1649 3136 llocvolens

142 3155 205 3215 soti
224 3172 288 3230 erpo
308 3157 399 3213 mirari
421 3156 492 3228 quod
514 3156 598 3223 unxit,
613 3156 675 3226 quia
687 3154 809 3213 Christus
859 3155 1047 3214 commendare
1058 3157 1189 3226 Christus,
1204 3174 1281 3231 poma
1295 3163 1425 3232 quesivit,
1439 3164 1577 3235 liguratam
1598 3165 1646 3235 ibi,

142 3262 195 3306 ane
208 3263 305 3304 nomen
320 3249 432 3319 accepit.
448 3246 539 3305 Dictus
552 3258 642 3304 autem
656 3259 714 3305 erat
726 3249 808 3305 Jacob
860 3263 913 3303 uon
926 3248 1045 3306 tallaoem
1057 3250 1260 3307 commendabat
1270 3252 1417 3319 notionem
1427 3268 1460 3309 ac
1472 3269 1519 3325 per
1530 3255 1648 3312 boclan-

142 3340 262 3412 ieriptura
280 3339 361 3396 lromo
373 3341 433 3396 sine
445 3339 516 3396 dolo.
533 3339 592 3410 lpse
605 3341 697 3408 Jacob,
712 3342 807 3407 nostis,
859 3339 1044 3409 dabitem,non
1057 3342 1227 3397 criminosam
1239 3343 1387 3411 llotionem;
1397 3360 1449 3400 non
1464 3362 1516 3417 qua
1527 3347 1647 3406 discusse

142 3445 169 3488 rs
197 3438 241 3487 est
264 3431 356 3487 lsrael.
380 3430 442 3486 ldeo
462 3431 591 3486 Dominus
614 3429 641 3486 in
665 3430 808 3502 Evangelio
859 3429 929 3484 eain
951 3429 1113 3498 laenitatem,
1128 3431 1175 3487 sod
1189 3441 1353 3502 perscrutata
1375 3434 1399 3491 si
1412 3435 1531 3494 invenias
1545 3441 1647 3495 verita·

141 3521 207 3581 vidit
226 3520 392 3577 Nathanael:
410 3520 485 3587 Ecce,
498 3521 592 3591 inquit,
607 3537 663 3576 aere
678 3519 806 3586 lmoeito,
860 3527 913 3574 tem
924 3519 970 3593 (ε).

141 3614 210 3671 tates
228 3630 280 3670 non
295 3622 340 3670 est.
355 3612 389 3669 Et
401 3613 446 3668 ille
459 3611 576 3668 israelita
588 3611 710 3668 nesciens
721 3611 809 3666 adhuc
895 3612 922 3667 ¹l.
943 3613 1017 3667 idem
1036 3622 1155 3669 nectatur
1173 3624 1357 3687 repensatum.
1369 3615 1452 3673 Video
1469 3618 1541 3690 quod
1558 3619 1646 3678 dictu·

161 3705 208 3763 illo
224 3706 387 3778 loqueretur,
401 3702 642 3774 respondit:llnde
662 3719 705 3759 me
722 3704 807 3760 nosti?
858 3718 905 3760 rus
927 3704 986 3760 sit:
1004 3705 1115 3776 Expone
1129 3706 1194 3762 milti
1213 3707 1264 3762 ltoc
1284 3707 1355 3780 quod
1375 3709 1557 3780 signillceltnt,
1574 3714 1647 3782 quod

144 3810 195 3853 ans
215 3795 250 3852 ad
267 3811 339 3861 cum,
353 3794 420 3851 Cum
432 3808 508 3850 esses
519 3793 570 3850 sub
578 3794 674 3850 arbore
688 3792 739 3860 ilci,
754 3793 807 3848 ridi
859 3794 973 3852 lioritse
986 3795 1091 3866 longius
1103 3796 1153 3853 ire.
1166 3797 1195 3853 Si
1208 3798 1280 3854 enirn
1293 3798 1458 3868 similentur
1470 3799 1528 3872 (dl,
1543 3801 1646 3858 laliacin

141 3902 206 3960 ,mm
219 3887 329 3951 diceret,
344 3884 409 3942 Cum
428 3901 503 3943 esses
522 3886 550 3942 in
571 3885 664 3943 umltra
687 3886 804 3956 pecmti;
858 3892 916 3952 est,
928 3884 1093 3941 mendacium
1102 3895 1153 3942 εει.
1168 3886 1386 3958 Expositionibcs
1399 3891 1646 3949 nostrisetdiscre-

141 3979 206 4036 mavi
219 3988 255 4035 te.
269 3978 303 4035 Et
312 3979 367 4046 ille,
380 3978 441 4050 quia
451 3977 609 4032 meminerat
622 3991 652 4034 εε
664 3975 746 4032 luisse
757 3977 807 4032 sub
858 3976 969 4033 cissimis
980 3977 1080 4048 reptilis
1089 3977 1217 4034 debemus
1230 3979 1280 4036 ltoc
1290 3980 1389 4047 dicere,
1405 3982 1468 4054 quid
1479 3984 1645 4056 signiticaltat

141 4069 182 4136 ici,
195 4069 240 4126 ubi
255 4069 381 4123 Dominus
396 4083 448 4124 non
461 4075 529 4131 erat,
543 4067 649 4137 agnouit
662 4065 689 4121 in
703 4065 749 4122 illo
763 4065 806 4121 di·
858 4065 956 4122 atilctio
966 4066 1086 4138 quaedam
1098 4068 1201 4142 longius
1212 4069 1292 4126 eundi
1307 4088 1314 4124 τ
1331 4070 1408 4128 duxit
1425 4087 1455 4130 se
1468 4076 1573 4148 longius
1585 4077 1643 4148 ire,

141 4172 169 4226 n,
183 4166 212 4213 et
223 4155 377 4227 respondit:
388 4155 428 4211 'lu
447 4171 477 4211 es
493 4153 577 4210 Filius
589 4154 647 4222 Dei,
659 4162 688 4210 tu
707 4169 738 4210 es
759 4169 807 4210 rex
858 4164 886 4211 et
898 4164 1011 4221 tenetur,
1024 4157 1175 4230 ne'longius
1184 4168 1238 4215 eut.
1251 4159 1384 4229 Quantum
1394 4161 1474 4234 igitur
1484 4165 1518 4220 ad
1529 4182 1645 4236 praesen·

141 4248 174 4304 lie
184 4246 234 4304 suls
245 4248 340 4303 arbore
354 4247 396 4301 ilci
410 4262 463 4301 non
477 4246 563 4300 iactus
576 4252 618 4301 εει
631 4244 704 4300 arida
718 4243 804 4301 deus:
859 4246 922 4302 tiam
932 4248 1097 4319 corporalem
1106 4249 1202 4306 absens
1213 4251 1355 4322 putabatur
1367 4253 1494 4312 Dominus
1504 4255 1642 4327 Christum

144 4338 291 4396 Glnistum.
306 4337 340 4393 Et
359 4337 487 4393 Dominus
506 4335 541 4390 ad
555 4335 628 4390 illum
641 4352 648 4389 :
661 4333 729 4402 Quia
740 4334 804 4402 ciet,
858 4337 955 4395 absens
973 4341 1113 4410 putabatur
1123 4382 1131 4409 ,
1143 4341 1217 4397 ucltn
1235 4341 1338 4414 longius
1350 4343 1408 4400 ibit.
1421 4345 1496 4403 'lene
1509 4345 1642 4420 tideliter,

141 4446 163 4486 rs
172 4429 218 4486 aed
229 4429 318 4484 miore
331 4429 384 4500 poi,
398 4427 449 4482 aidi
466 4437 504 4493 te,
522 4425 579 4480 idm
595 4424 692 4493 credin
707 4427 807 4496 nmjoro
858 4437 921 4484 tene
929 4428 1004 4484 illum
1017 4429 1051 4486 ad
1065 4429 1220 4488 tractionem
1231 4433 1319 4503 panis.
1332 4433 1401 4502 Quid
1412 4434 1518 4493 dicam?
1531 4442 1644 4510 agnori-

140 4519 228 4576 ideiit.
242 4519 307 4588 Quae
320 4528 383 4574 sunt
397 4519 446 4574 ista
459 4515 578 4586 majora?
590 4515 670 4570 Arme
687 4515 744 4570 dico
760 4532 805 4570 oo·
858 4518 923 4574 stisl
933 4518 963 4575 Si
976 4520 1130 4592 agnovistis,
1144 4521 1181 4578 iot
1191 4520 1324 4578 Christum
1336 4524 1483 4584 invenistis.
1496 4528 1644 4590 Diutiusde

141 4627 149 4666 t
167 4609 283 4666 israelita
303 4609 356 4676 ille,
370 4609 397 4664 in
411 4623 464 4679 quo
475 4606 554 4664 dolus
567 4622 620 4663 non
631 4616 689 4674 est;
702 4607 806 4677 respice
857 4618 1026 4666 sacramemo
1037 4610 1197 4681 loquendum
1218 4622 1335 4671 nonest.
1350 4615 1400 4683 Qut
1415 4616 1468 4674 hoc
1489 4633 1642 4680 sacramen·

140 4700 245 4773 ›iuqtm
258 4701 336 4757 dolus
347 4715 401 4756 non
412 4708 471 4766 εει,
485 4706 513 4755 ει
524 4697 623 4766 recole,
638 4696 707 4754 unde
719 4697 806 4769 loqui·
859 4709 915 4755 tum
929 4715 1009 4758 nosse
1025 4701 1168 4770 dillerunt,
1191 4705 1295 4776 longius
1306 4706 1340 4763 alt
1358 4707 1398 4764 eis
1411 4708 1540 4766 Chrisms.
1556 4713 1584 4769 ld
1601 4724 1644 4771 te·

141 4792 203 4850 &tn
221 4791 255 4848 ad
277 4798 367 4862 ceput,
382 4790 510 4846 visionem
530 4788 557 4844 in
575 4787 805 4874 somno,scalaea
858 4798 949 4861 neam,
964 4806 1020 4848 non
1031 4792 1181 4862 dimittant;
1196 4794 1307 4855 invitent
1318 4797 1352 4854 ad
1367 4798 1520 4871 hospitium,
1533 4813 1562 4861 et
1572 4806 1641 4863 iuvi·

140 4881 249 4949 omium,
262 4879 454 4937 descendentes
464 4887 492 4934 et
503 4876 731 4944 ascendentes3et
744 4875 806 4932 uide
858 4887 948 4941 tantur
959 4881 995 4938 ud
1008 4883 1115 4939 coelum.
1379 4888 1382 4894 '

140 4973 224 5036 ninus
234 4971 304 5029 dieat
318 4970 445 5028 lsraelitae
462 4971 521 5026 sine
537 4968 621 5041 dolo),
632 4966 804 5023 videtitieeoe·

140 5073 220 5120 emm:
232 5063 310 5132 Audi,
323 5061 469 5122 Natisonael
489 5061 547 5116 sine
564 5058 637 5128 dolo,
659 5057 724 5129 quid
739 5056 805 5114 vidit
898 5057 1011 5120 ollone,
1026 5056 1104 5110 tote.

140 5169 171 5212 ue
190 5152 388 5210 dolotnideiitit
409 5153 498 5207 celem
519 5160 645 5220 opertum,
659 5148 804 5221 etAnpeioa
899 5117 1014 5242 ffigffi:
1025 5125 1138 5247 ww
1159 5180 1267 5256 dmm
1283 5197 1324 5238 m
1344 5198 1370 5239 ω
1394 5185 1530 5252 samm,
1552 5191 1595 5242 Μ
1615 5197 1658 5245 α,
1752 5250 1755 5256 A

140 5253 178 5300 tea
195 5251 220 5298 et
240 5242 415 5298 descendentes
423 5257 434 5307 ,·
443 5239 478 5297 ad
490 5240 587 5312 queml
601 5240 635 5294 od
648 5236 746 5293 Filium
758 5237 805 5292 io·
858 5248 1008 5306 perscrutato
1018 5241 1071 5304 ipso
1080 5242 1186 5316 inimum
1196 5251 1327 5299 mmm,

140 5351 202 5392 aaa.
214 5349 233 5402 r,
247 5333 349 5405 lici).
361 5333 434 5403 Ergo
446 5332 491 5388 ille
502 5340 598 5388 unctus
608 5338 667 5388 orat
678 5330 712 5386 ad
726 5340 806 5401 caput
890 5302 928 5366 (d)
940 5308 1018 5401 ⁸⁰³³!
1030 5314 1076 5355 '‘⁰'‘
1087 5301 1244 5370 “imfim-

140 5426 318 5497 minimqum
336 5434 416 5496 caput
435 5425 553 5482 mulieris
576 5424 627 5490 eir,
651 5432 730 5494 caput
754 5422 804 5476 viri
1036 5492 1040 5498 ¹
1070 5465 1077 5479 ,

152 5515 241 5592 (¹⁶01-
255 5533 294 5585 ιι,
309 5516 349 5591 5).
362 5516 417 5576 Νεε
431 5524 519 5576 tamen
531 5515 611 5586 dixit,
624 5513 805 5574 Ascendeutcs
940 5504 991 5580 Γ·
1014 5506 1017 5515 ’

139 5628 293 5696 contu·
412 5707 493 5740 W
588 5708 621 5727 Ι,
