3750 6270
205 326 271 378 nttrtt
290 327 390 397 potestis
417 331 498 399 [urere
522 327 609 401 (loun.
631 346 674 397 ιι,
696 330 735 400 ὅ).
759 331 848 386 Ροιιιίι
869 333 995 386 Dominus

206 417 288 471 multa
300 417 357 472 sine
371 419 517 490 discipulis,
530 421 595 477 resisti.
609 421 728 491 discipuli
742 422 799 478 siue
811 424 931 477 Domino.
944 424 993 491 Qui

206 510 292 576 potuit
312 508 400 564 irtcerc
420 521 447 565 et
471 513 543 581 ipsos
555 512 709 579 discipulus,
725 531 777 567 uon
793 515 884 584 utiqtte
895 525 934 570 est
948 515 995 568 ad-

203 601 276 668 jutus
290 601 324 654 ab
338 602 403 670 ipsis
418 612 445 656 ιιι
459 600 558 658 laceret
573 604 654 674 ipsos.
671 605 794 674 Legimus
807 607 993 676 Apostolorum

205 689 342 756 miracula,
361 707 491 762 nusquam
512 703 601 747 autent
624 695 736 765 legimus
755 697 877 751 arborem
899 698 932 750 ab
953 697 993 752 bis

203 778 358 844 art-iactam,
369 792 414 836 aut
424 792 540 838 montem
551 784 576 838 in
585 800 658 841 tuate
666 786 830 840 translatum.
839 788 993 855 Quaeramus

203 887 267 942 ergo
282 874 326 927 ubi
348 871 446 927 iactum
466 875 510 929 sit.
527 875 584 930 h'on
604 878 674 930 ento
691 879 769 933 rerba
785 879 888 933 Domini
900 896 992 934 vatnre

203 976 356 1036 potuerunt.
372 966 400 1023 Si
415 969 537 1024 attendas
551 972 615 1024 istas
631 972 739 1026 usitatas
753 983 780 1027 et
793 982 868 1026 notas
883 975 992 1029 arbores

202 1068 229 1115 et
245 1062 309 1117 istos
325 1072 439 1126 montes,
456 1078 507 1117 non
519 1074 560 1118 est
571 1064 678 1119 herum.
692 1064 720 1120 Si
734 1067 854 1121 attendas
869 1067 990 1121 arborem

202 1154 235 1207 dc
248 1169 300 1224 qua
321 1153 397 1214 dixit.
413 1164 440 1210 ct
462 1165 578 1211 montem
599 1156 683 1225 ipsum
700 1157 802 1210 Domini
818 1157 850 1211 de
864 1174 916 1227 qno
929 1174 989 1226 pro-

201 1243 280 1315 pbeta
294 1245 368 1308 dixit,
387 1245 443 1300 Erit
463 1247 488 1299 iu
508 1247 648 1301 ttoeisst'tuis
662 1248 748 1302 dicbus
763 1250 909 1320 tatonisestus
919 1265 991 1302 anons

200 1335 306 1391 Domini
320 1335 395 1410 (lsai.
412 1353 441 1404 u,
453 1337 480 1409 ⁶2)
493 1356 500 1391 :
515 1339 537 1391 si
559 1337 615 1392 b‘ee
636 1340 767 1405 attendas,
784 1341 805 1394 si
822 1341 879 1395 hac
892 1341 990 1395 intelli·

201 1442 263 1497 gam
278 1437 305 1483 et
326 1428 421 1484 laetum
444 1439 493 1493 est,
510 1438 537 1486 et
556 1446 604 1500 per
625 1431 696 1501 ipsos
718 1430 815 1486 lactum
839 1441 890 1487 est.
904 1433 991 1487 hebor

200 1534 267 1588 gens
280 1518 382 1586 lucian,
393 1521 439 1576 sed
456 1522 549 1576 iterum
563 1521 632 1585 dieo,
647 1523 796 1592 reprobata,
809 1538 860 1576 ιιοιι
875 1534 966 1577 noema
982 1542 988 1576 :

201 1613 282 1667 arbor
308 1614 362 1679 illa,
390 1629 469 1684 quatu
496 1615 772 1678 commemoravimus,
799 1631 864 1685 qens
887 1615 988 1671 iudaea.

200 1704 276 1759 llons
291 1706 357 1760 sieut
371 1704 461 1761 docuit
472 1707 652 1784 propheticum
664 1707 855 1772 testimonium,
869 1707 925 1774 ipse
937 1708 988 1760 Do·

200 1798 299 1851 minus.
315 1796 395 1851 Arida
408 1798 498 1860 arbor,
513 1814 577 1867 gens
591 1797 681 1852 lttdrca
696 1798 753 1852 sine
763 1799 861 1852 honore
875 1796 987 1854 Christi:

200 1904 283 1950 auare,
313 1890 439 1943 saeculum
463 1889 513 1943 hoe
536 1890 659 1943 omnibns
684 1888 823 1944 Gentibus.
846 1889 913 1945 lide
933 1889 988 1959 jam

200 1980 344 2048 Apostolos
367 1981 505 2050 loquentes
526 1979 559 2034 ad
579 1980 701 2036 arborem
728 1980 934 2043 arefaciendam,
962 1990 990 2036 et

199 2070 336 2125 mittentes
361 2079 477 2125 monton
500 2071 526 2124 in
553 2086 635 2125 mare.
654 2070 810 2141 loquuntur
835 2071 861 2124 iu
879 2070 990 2125 Actibus

197 2160 387 2229 Apostolorum
407 2159 439 2215 ad
459 2160 565 2216 ludaeos
583 2161 795 2216 contradicentes
810 2171 837 2216 et
851 2162 931 2216 uerbo
944 2176 989 2216 ve-

198 2250 285 2305 ritatis
298 2251 463 2318 resistentes,
479 2251 529 2307 hue
541 2262 591 2317 cst,
609 2251 668 2306 lolia
684 2251 822 2318 babentes,
837 2261 864 2307 et
876 2250 988 2308 fructum

198 2356 251 2393 nun
263 2339 402 2405 habentes
418 2351 444 2396 ot
459 2340 549 2396 dicunt
567 2341 629 2404 illis,
653 2339 726 2395 Vobis
740 2342 848 2410 ptituuut
861 2343 988 2412 oportebat

198 2433 349 2486 annuntiare
363 2435 462 2486 colunt
483 2431 542 2497 Dei,
560 2433 604 2486 sed
623 2432 741 2502 qnoniam
760 2434 886 2501 repulistis
904 2433 988 2487 iilud:

198 2522 394 2591 Prophetarum
420 2523 499 2577 rerba
528 2522 682 2592 loquimini,
711 2534 738 2577 ut
764 2538 816 2576 non
845 2524 988 2593 agnoscitis

196 2626 276 2680 quem
293 2613 502 2680 praenuntiarunt
517 2611 666 2681 Prophetae,
680 2610 731 2666 boc
745 2621 794 2676 est,
809 2610 871 2666 lolia
884 2611 985 2667 haben·

132 2692 135 2698 ’
199 2711 240 2754 tes
253 2718 260 2754 :
274 2699 343 2755 Ecce
356 2703 522 2755 convertimus
532 2718 577 2755 nos
588 2701 621 2754 ad
629 2701 718 2756 Gentes
730 2701 796 2773 (Act.
806 2703 920 2774 anniti).
932 2703 987 2758 lloc

197 2794 268 2847 euim
283 2796 362 2848 etiam
375 2811 422 2864 per
435 2795 590 2864 prophetam
604 2794 775 2864 praedicatum
788 2805 829 2850 est
842 2812 848 2847 :
865 2794 932 2849 Ecce
941 2813 987 2865 po-

196 2887 235 2939 sat'
250 2895 274 2939 te
290 2887 316 2939 in
338 2888 416 2940 lucem
438 2884 564 2951 Gentium,
588 2896 614 2939 nt
635 2887 669 2940 ais
689 2887 759 2941 solus
777 2904 855 2957 narrate
874 2888 900 2941 in
923 2889 986 2956 fines

199 2988 273 3031 rente
283 2974 360 3045 (lsai.
376 2992 448 3037 xerat.
462 2978 501 3046 o).
512 2976 580 3031 licre
594 2977 663 3031 aruit
675 2977 771 3042 arbor;
785 2987 812 3032 et
821 2976 942 3033 Christus
952 2979 985 3034 ad

196 3068 307 3133 tienteS,
322 3081 397 3121 mons
413 3068 555 3122 translatus
571 3068 596 3121 iu
612 3083 696 3122 mare.
711 3069 850 3135 Quomodo
860 3071 931 3125 enim
943 3088 986 3126 ar·

195 3159 246 3211 lor
261 3172 313 3211 uon
322 3167 454 3213 aresceret
469 3159 553 3228 posita
567 3159 593 3212 in
605 3159 693 3225 vitrea,
704 3158 737 3214 de
747 3160 904 3229 quadietum
917 3173 983 3228 erat,

197 3248 326 3302 illurttlobo
345 3248 451 3302 nubibus
475 3249 536 3302 meis
557 3265 588 3302 nc
609 3249 700 3320 pluent
721 3265 795 3321 super
812 3267 865 3304 eant
882 3250 985 3305 imbrem

196 3339 352 3410 (ld.t·,6)l

231 3433 257 3487 3.
275 3431 477 3485 lloledictioncnt
492 3431 588 3486 arboris
608 3433 721 3502 {uturum
743 3433 839 3503 aliquid
861 3437 982 3506 prrcftqu-

195 3539 274 3577 rasse.
302 3522 358 3578 lloc
385 3533 413 3576 ιιι
435 3524 560 3577 Dominus
579 3523 777 3578 cottttncndaret
790 3525 941 3595 prophetice
955 3544 984 3584 sc

195 3614 301 3679 iecisse,
315 3613 348 3668 de
361 3613 410 3668 bac
420 3613 520 3668 seilicet
535 3614 631 3668 arbore
644 3630 695 3667 raon
711 3616 796 3668 solunt
811 3617 923 3672 coluisse
935 3633 983 3672 et·

196 3704 288 3761 hibero
300 3705 466 3769 miraculum,
479 3704 526 3759 sed
541 3705 656 3759 loturum
668 3704 765 3775 aliquid
777 3706 984 3762 miraculorem·

195 3795 353 3857 trucidasse:
367 3795 448 3849 multa
469 3804 530 3849 suut
552 3811 611 3866 que
633 3811 682 3850 nos
696 3796 841 3851 admonent
855 3798 983 3869 nobisque

195 3885 382 3956 persuadeant,
394 3886 447 3939 imo
457 3885 490 3939 ab
502 3886 591 3938 inritis
605 3897 790 3956 extorqueant.
806 3887 906 3954 Primo,
920 3890 982 3959 qnid

194 3976 275 4031 :tritor
287 3983 451 4046 peccaverat,
464 3975 588 4045 quoniam
601 3974 702 4031 lruetus
716 3991 767 4033 nou
782 3976 911 4034 babebat?
924 3995 983 4049 que

195 4068 217 4119 si
236 4081 285 4122 suu
298 4074 427 4136 ternpore,
446 4065 496 4120 hoe
520 4077 570 4130 est,
592 4066 695 4120 illorum
718 4082 867 4137 pomorum,
883 4070 983 4124 huetus

195 4174 249 4214 uon
264 4158 385 4222 baberet,
400 4155 472 4211 nulla
486 4167 556 4212 esset
571 4158 661 4228 ntique
680 4159 743 4229 ligni
764 4162 855 4230 eninm
871 4161 932 4232 qnia
952 4161 984 4216 li-

194 4267 276 4322 gnum
298 4252 356 4307 sine
377 4266 456 4306 sensu
470 4266 521 4305 uon
538 4251 652 4307 habebat
663 4252 777 4321 colpam.
795 4253 851 4307 llue
869 4253 980 4317 accedit,

195 4343 257 4413 qnia
269 4341 338 4398 sicut
360 4342 386 4395 in
406 4343 458 4397 alio
472 4342 629 4412 euangelista
645 4341 694 4397 hoc
708 4343 793 4412 ipsum
806 4351 930 4398 narrante
941 4343 981 4398 le·

193 4437 274 4506 gitur,
289 4432 397 4503 Tentpas
420 4449 550 4504 pantorum
568 4432 669 4486 illorum
692 4450 741 4486 noa
763 4443 816 4486 erat
831 4430 929 4505 (llere.
944 4449 980 4497 ιιι,

193 4527 251 4596 lb).
266 4525 295 4581 ld
314 4525 384 4580 enim
405 4533 509 4594 tempus
530 4533 597 4590 erat,
610 4539 664 4594 quo
678 4523 743 4579 deus
755 4522 817 4578 lolia
829 4523 929 4593 profert
943 4533 982 4579 ιε-

193 4632 269 4681 nera,
282 4631 341 4687 qtae
356 4615 477 4670 norimus
491 4615 563 4668 nasci
578 4624 640 4668 ante
653 4613 752 4669 tructos
765 4633 771 4666 ι
784 4614 834 4669 Ιιοε
847 4614 907 4669 ideo
918 4630 979 4684 pro·

192 4709 297 4773 bamus,
308 4707 368 4776 quia
391 4705 522 4775 passionis
542 4705 647 4758 Domini
666 4703 723 4758 dies
736 4703 938 4774 propinquabat,
954 4713 981 4759 et

192 4807 359 4868 scitansque
374 4807 493 4866 tempore
506 4812 599 4865 passus
613 4797 663 4858 sit;
676 4806 704 4850 et
724 4797 746 4850 si
766 4797 816 4850 hoc
830 4812 882 4851 uon
894 4807 981 4852 atten-

192 4892 327 4954 deremus,
348 4887 522 4958 Et'attqclistae
541 4889 630 4956 utique
649 4888 756 4949 dicenti,
774 4887 833 4943 Non
850 4897 904 4942 erut
918 4899 979 4943 urn-

191 5001 239 5054 pua
257 4985 379 5052 ficorum,
395 4980 504 5035 cretione
518 4980 684 5035 deberemus.
701 4981 769 5050 Ergo
784 4982 805 5035 si
822 4981 978 5036 miraculum

191 5077 276 5128 lucrat
298 5069 481 5125 tantummodo
505 5067 751 5125 commendandum.
769 5077 859 5123 etnon
880 5069 977 5141 aliquid

191 5164 344 5232 prophetice
365 5161 540 5231 ligurandum,
560 5160 642 5213 multo
661 5160 816 5215 clementius
838 5161 975 5228 Dominus,

142 5293 147 5306 .
189 5261 213 5303 et
228 5266 273 5304 saa
289 5249 468 5304 misericordia
483 5249 597 5318 dignius
611 5249 633 5303 si
647 5246 725 5317 quant
738 5250 861 5304 arborem
874 5251 976 5305 aridam

189 5341 329 5404 imi-niret,
347 5339 456 5394 viridem
470 5339 608 5400 redderet;
632 5338 700 5392 sicot
724 5337 879 5408 languentes
898 5354 976 5394 sana·

189 5429 236 5488 rit,
252 5429 320 5481 sicut
344 5429 463 5496 leprosos
481 5427 628 5490 mundarit,
642 5427 710 5481 sicut
729 5439 848 5484 ratortuos
861 5432 974 5486 sttscita-

125 5542 128 5547 ⁴
189 5520 234 5572 tit.
248 5518 322 5573 'tuuc
342 5536 406 5572 vero
423 5536 437 5572 a
456 5520 599 5582 contrario,
614 5520 688 5588 quasi
710 5519 838 5574 adsersus
856 5523 974 5592 regulam

187 5614 334 5669 charentine
358 5627 423 5679 sua,
445 5611 546 5667 iureuit
568 5611 690 5666 arborem
714 5613 851 5678 uirentem,
879 5624 976 5684 praeter

823 217 851 272 S.
872 215 1054 272 susbsttm
1074 215 1224 273 sciscunt

1793 220 1848 283 stt

1050 341 1153 401 tempus
1170 333 1286 390 nondum
1308 335 1422 393 lructunt
1438 338 1589 403 habentem,
1604 339 1658 395 uon
1682 348 1774 396 tarnela
1789 342 1846 397 lrtt·

1048 433 1120 477 ειιιιιι
1142 427 1266 496 agricola
1285 443 1335 483 ειιο
1356 439 1505 499 negantem,
1521 441 1548 487 et
1570 431 1674 487 aridam
1696 432 1842 490 lecitztan·

1048 527 1127 581 quam
1142 515 1243 573 diecret
1262 517 1373 584 homini,
1387 519 1444 575 lion
1462 536 1505 576 mc
1517 521 1627 578 ariditas
1642 521 1724 593 hujus
1737 524 1840 599 arboris

1048 604 1198 672 delectavit,
1213 609 1259 662 sed
1274 609 1319 663 tibi
1334 610 1402 665 colui
1416 611 1551 667 iusimtare
1566 615 1686 671 nensine
1698 629 1781 671 musa
1791 615 1838 674 boe

1047 710 1091 750 me
1111 694 1200 752 lacere
1214 699 1345 766 soluisse,
1360 701 1411 754 uisi
1425 702 1485 772 quia
1502 703 1547 758 tibi
1560 703 1631 774 quod
1646 704 1706 774 plus
1722 707 1836 763 attendu-

1047 800 1090 840 res
1107 787 1177 841 volui
1190 790 1387 845 commendare.
1402 790 1461 846 lion
1476 793 1552 848 istam
1564 795 1687 850 arborem
1703 795 1831 866 maledixi,

1046 892 1098 930 uon
1112 879 1199 933 arbori
1211 895 1264 934 non
1278 881 1401 936 sentienti
1412 897 1518 952 poenam
1533 883 1615 939 indixi
1625 901 1633 951 ;
1645 886 1693 941 sed
1706 894 1734 941 ιε
1746 891 1830 953 tenu,

1045 967 1067 1019 si
1086 968 1144 1036 quis
1164 968 1289 1036 advertis,
1314 980 1342 1024 ut
1359 971 1520 1026 esurientem
1539 972 1677 1029 Christum
1699 990 1756 1031 nott
1774 991 1829 1032 ottu-

1047 1067 1189 1124 tentneres,
1206 1070 1233 1115 et
1247 1060 1333 1116 huctu
1346 1064 1433 1133 potius
1446 1065 1557 1135 opimari
1569 1080 1649 1137 quam
1664 1065 1739 1124 loliis
1746 1069 1828 1125 abuu-

1044 1148 1114 1202 brari
1128 1149 1272 1221 diligeres?

1079 1241 1106 1294 d.
1122 1241 1219 1312 ltrqnla
1236 1243 1270 1295 oti
1290 1242 1437 1314 Scripturas
1459 1246 1670 1317 interpretandos.
1685 1247 1744 1305 lloe
1754 1265 1827 1307 anan

1045 1333 1169 1402 estquod
1190 1332 1318 1391 Dominus
1331 1338 1500 1394 commendat
1521 1355 1551 1394 se
1568 1341 1668 1410 aliquid
1689 1343 1827 1413 straten

1045 1423 1169 1479 soluisse.
1184 1424 1252 1491 Quid
1273 1426 1364 1481 aliud?
1376 1426 1505 1484 Esuriens
1526 1430 1629 1485 accedit
1649 1429 1684 1487 ad
1698 1432 1825 1501 arborem,

1044 1523 1071 1567 ει
1098 1515 1195 1583 quaerit
1222 1530 1310 1584 ponta.
1335 1517 1476 1574 Nesciebat
1495 1528 1598 1589 tempus
1616 1520 1736 1577 nondum
1756 1525 1828 1580 esset

1043 1603 1119 1670 Quod
1138 1605 1224 1660 cultor
1246 1607 1348 1662 arboris
1362 1609 1473 1675 sciebat,
1487 1608 1598 1665 Creator
1610 1611 1719 1667 arboris
1730 1614 1827 1671 nescie-

1044 1696 1107 1751 bott
1119 1696 1219 1765 Quaerit
1236 1715 1301 1770 crgo
1321 1699 1436 1756 fructum
1455 1701 1483 1756 in
1496 1703 1602 1770 abore,
1618 1718 1701 1775 quem
1718 1707 1827 1764 noodata

1043 1786 1166 1844 babebat.
1182 1789 1293 1858 Quarit,
1307 1805 1340 1846 an
1355 1793 1570 1863 potiusquerere
1581 1809 1612 1850 εε
1626 1795 1722 1867 lingit?
1736 1796 1828 1854 tiamsi

1043 1884 1250 1951 vereque-stria,
1274 1885 1380 1938 errarit.
1406 1882 1459 1940 Sed
1478 1885 1547 1940 absit
1571 1895 1599 1941 ιιι
1624 1896 1742 1944 erraret.
1764 1890 1828 1962 Ergo

1042 1973 1126 2026 timit.
1143 1973 1250 2029 Tituens
1265 1991 1297 2029 ne
1311 1976 1402 2045 dogm,
1416 1976 1552 2032 confiteris
1563 1993 1680 2034 errasse.
1695 1980 1831 2039 trenam

1041 2081 1170 2133 errorem,
1188 2068 1300 2122 incurris
1315 2068 1341 2123 in
1357 2070 1506 2124 lictionem.
1522 2070 1679 2127 AEstuamus
1693 2072 1721 2128 iu
1735 2074 1827 2131 medio.

1041 2157 1068 2212 Si
1081 2167 1235 2224 aestuamus,
1256 2169 1378 2227 optemus
1401 2160 1529 2229 pluriam,
1552 2171 1582 2217 ιιι
1603 2162 1779 2230 virescamus,
1797 2180 1828 2220 aa

1041 2247 1140 2317 aliquid
1155 2247 1290 2317 indiguum
1303 2249 1423 2305 dieentes
1434 2249 1468 2305 de
1482 2251 1606 2318 Domino,
1623 2253 1713 2322 potius
1726 2268 1828 2311 aresce

1041 2354 1110 2394 tuus.
1125 2339 1292 2410 Evangelista
1312 2340 1430 2412 quidem,
1444 2341 1525 2406 Venit,
1542 2343 1636 2414 inquit,
1652 2345 1688 2399 ad
1708 2346 1826 2411 stom,

1040 2439 1063 2482 et
1082 2432 1193 2499 [ructata
1212 2432 1239 2483 in
1253 2445 1283 2484 eo
1295 2447 1346 2484 nort
1359 2432 1461 2486 inuenit.
1476 2432 1572 2504 Utique
1593 2450 1644 2488 non
1661 2435 1767 2504 incenit,
1780 2453 1827 2493 non

1039 2519 1274 2587 diceretnrdcillo,
1284 2521 1386 2592 nisiqui
1400 2522 1442 2578 vel
1457 2522 1548 2579 ridere
1564 2522 1778 2596 (equestrem,
1791 2528 1828 2583 rel

1039 2625 1159 2679 quaerere
1168 2625 1198 2666 εε
1211 2611 1332 2677 finxerat,
1346 2628 1426 2683 quem
1440 2614 1476 2669 ibi
1488 2629 1541 2669 non
1552 2631 1611 2671 esse
1623 2629 1745 2673 noverat.
1757 2618 1828 2676 onte

1042 2716 1095 2755 non
1109 2700 1272 2767 dubitamus,
1286 2713 1422 2759 errantem
1432 2704 1568 2760 Christum
1580 2706 1655 2763 nullo
1666 2707 1750 2765 modo
1762 2709 1828 2765 diea-

1039 2806 1108 2845 mus.
1124 2790 1205 2859 Quid,
1216 2791 1542 2851 lluxissedieitnusldnne
1556 2797 1606 2852 boc
1618 2797 1746 2855 dicimus!
1760 2800 1827 2868 Quo·
1867 2795 1869 2811 '

1038 2881 1119 2937 modo
1143 2882 1204 2937 bino
1224 2884 1375 2940 exibimus?
1389 2885 1527 2954 Dicamus,
1541 2889 1650 2960 nequid
1664 2890 1828 2963 Evangelista

1038 2973 1135 3028 dixerit
1145 2968 1178 3028 de
1192 2975 1363 3031 Dominoalio
1374 2977 1442 3044 loeo,
1456 2994 1508 3032 non
1518 2979 1678 3036 auderemus
1687 2982 1830 3041 dioercttao

1038 3078 1069 3117 ex
1092 3062 1169 3117 nobis
1189 3064 1262 3132 ipsis.
1277 3064 1352 3132 Quod
1373 3065 1541 3135 Evangelista
1554 3070 1678 3138 scripsit,
1693 3071 1825 3139 dicamus;

1037 3162 1065 3209 et
1078 3168 1138 3206 cuttt
1154 3153 1310 3217 dixerimus,
1326 3156 1514 3226 intelligamus.
1529 3157 1581 3213 Sed
1594 3169 1624 3213 ut
1634 3161 1827 3233 intelligamus,

1037 3244 1268 3313 priuscredatnus.
1281 3244 1341 3300 Nisi
1352 3248 1421 3302 enim
1436 3249 1602 3317 credideritis,
1614 3269 1665 3307 non
1675 3254 1824 3328 inteliiqetia,

1037 3335 1073 3389 ait
1082 3335 1265 3406 prophetatis.
1277 3337 1360 3403 rtr,9,
1374 3355 1424 3392 aec.
1435 3339 1529 3409 tax).
1539 3341 1827 3403 Postresurrectioaem

1038 3425 1165 3479 Dominus
1179 3425 1459 3484 Christusantbulabat
1469 3431 1496 3484 ia
1509 3432 1549 3484 via
1562 3447 1622 3487 curn
1634 3435 1741 3490 duobus
1751 3436 1825 3494 disci·

1037 3515 1107 3584 pulis
1115 3517 1180 3582 suis,
1191 3515 1310 3586 aquibus
1320 3518 1646 3590 nonduutagnoscebatur,
1656 3525 1831 3595 quibusrehtt·
1854 3524 1859 3531 ’

1037 3609 1121 3662 riaatr
1135 3609 1227 3664 tertios
1237 3611 1421 3665 comitabatur.
1434 3611 1548 3667 llentum
1562 3615 1648 3669 estad
1661 3615 1761 3684 locum,
1775 3633 1830 3688 quo

1036 3701 1074 3755 illi
1090 3702 1243 3768 tendebant,
1255 3713 1282 3758 et
1300 3705 1337 3758 ait
1350 3704 1517 3774 Evangelista
1530 3725 1536 3761 :
1549 3706 1610 3770 lpse
1619 3723 1705 3764 auton
1719 3712 1824 3780 finaitu

1036 3793 1135 3863 lonqius
1145 3794 1191 3846 ire.
1207 3793 1245 3848 lili
1256 3802 1344 3849 autem
1360 3796 1484 3850 tenebant
1495 3811 1556 3850 eum
1568 3813 1642 3853 ntore
1655 3798 1825 3856 humanitatis

1036 3883 1155 3939 dieentes
1167 3885 1236 3954 qood
1247 3885 1302 3954 jam
1317 3897 1524 3955 vesperasceret,
1538 3900 1664 3958 rogantes
1675 3901 1707 3947 ut
1717 3894 1823 3949 conteis

1036 3973 1072 4028 ibi
1094 3983 1213 4029 maneret
1226 3992 1232 4027 :
1244 3986 1384 4044 susceptus
1398 3975 1524 4045 bospitio,
1540 3977 1637 4048 trangit
1651 3996 1760 4050 panem,
1778 3985 1820 4039 be·

1036 4067 1142 4121 aedicto
1156 4078 1182 4121 et
1198 4068 1281 4120 hacto
1294 4084 1361 4136 pane
1373 4071 1552 4138 cognoscitur.
1570 4069 1627 4125 Non
1645 4087 1713 4144 crgo
1725 4075 1780 4144 jam
1792 4074 1821 4129 ti·

1036 4171 1155 4210 meamus
1167 4155 1267 4220 dicere,
1279 4156 1354 4210 linxit
1366 4173 1496 4226 quarere,
1510 4158 1531 4212 si
1546 4160 1619 4227 finxit
1628 4177 1654 4215 ae
1664 4162 1768 4234 ionqim
1779 4167 1819 4218 ire.

1035 4248 1087 4303 Sed
1102 4249 1152 4302 alia
1166 4248 1277 4317 quaestio
1291 4247 1420 4303 oboritur.
1432 4250 1560 4305 llesterua
1575 4251 1619 4307 die
1628 4251 1677 4309 diu
1690 4271 1821 4313 commetr-

1035 4338 1156 4393 davimus
1168 4337 1194 4391 in
1207 4336 1340 4406 apostolis
1355 4339 1492 4394 veritatem
1504 4339 1552 4411 (bh
1567 4344 1708 4413 quomodo
1722 4347 1820 4403 inaeni-

1035 4443 1094 4482 mus
1107 4429 1133 4481 in
1149 4427 1206 4496 ipso
1222 4428 1333 4482 Domino
1348 4426 1501 4484 lietionentt
1514 4431 1660 4488 Dicendum
1674 4451 1751 4506 erpo,
1771 4436 1819 4493 ira·

1035 4532 1099 4587 tres,
1114 4532 1142 4577 et
1155 4522 1342 4577 insinuandum
1364 4523 1438 4579 robis
1460 4541 1509 4596 pro
1532 4527 1715 4587 mediocribus
1727 4531 1821 4589 viribus

1034 4614 1142 4678 uostris,
1157 4629 1222 4684 quas
1237 4615 1364 4670 Dominus
1376 4632 1425 4686 pro
1435 4620 1509 4674 rubis
1519 4617 1600 4676 donat
1613 4621 1703 4690 uobis,
1717 4633 1821 4681 eteuu-

1034 4706 1211 4761 meudaudum
1226 4715 1266 4762 est
1278 4707 1352 4762 tubis
1366 4709 1435 4778 quod
1448 4710 1474 4763 iu
1489 4711 1614 4768 omuibus
1626 4711 1774 4785 Scripturis
1783 4731 1820 4772 rc·

1032 4798 1159 4866 golariter
1172 4799 1293 4852 teneatis.
1305 4798 1390 4853 Omne
1405 4800 1475 4866 quod
1490 4800 1586 4857 dieitur
1595 4806 1653 4860 sire
1670 4805 1710 4872 ht,
1724 4816 1771 4862 aut
1780 4821 1821 4879 per

1033 4904 1106 4942 suaru
1121 4888 1307 4957 proprietatem
1322 4890 1500 4958 cognoscitur,
1514 4902 1559 4945 aut
1579 4893 1714 4964 significat
1727 4895 1823 4968 aliquid

1033 4977 1161 5048 ligorate;
1177 4987 1220 5032 aut
1235 4989 1307 5033 certe
1322 4978 1402 5034 habet
1417 4990 1568 5050 utrumque,
1584 4990 1612 5037 et
1626 4987 1765 5055 propriam
1778 5001 1820 5043 co·

1031 5071 1188 5138 gnitiouent,
1207 5079 1234 5125 et
1256 5072 1394 5140 liguratam
1410 5073 1639 5142 significationem.
1654 5077 1718 5134 Tria
1730 5094 1820 5150 propa·

1032 5162 1082 5223 sui,
1107 5163 1228 5232 exempla
1252 5162 1338 5217 darida
1357 5175 1428 5225 suut,
1453 5175 1480 5219 ct
1502 5163 1572 5221 unde
1598 5169 1650 5223 nisi
1670 5170 1705 5227 dc
1727 5172 1821 5229 sanctis

1031 5249 1195 5319 Scripturisl
1211 5252 1314 5306 Dictum
1338 5252 1408 5320 quod
1433 5257 1538 5324 proprie
1561 5259 1737 5328 accipiamus,
1763 5265 1817 5334 quia

1031 5355 1125 5408 passus
1138 5351 1179 5395 est
1195 5341 1332 5405 Dominus,
1352 5343 1412 5409 qnia
1437 5347 1582 5400 resurrexit
1603 5358 1631 5403 et
1653 5353 1778 5408 aseendit
1794 5352 1816 5406 in

1072 5444 1098 5564 dd
1110 5449 1151 5551 ppt
1146 5451 1254 5553 dd’iddtrg
1259 5482 1374 5551 sermone
1390 5507 1431 5561 otri
1443 5510 1554 5568 qtroxime
1570 5520 1628 5562 aare
1640 5515 1718 5564 istum
1727 5524 1816 5566 ιιειιιιιι·

1029 5566 1053 5613 lu
1066 5565 1161 5613 nestun
1174 5562 1285 5619 indiculo,
1294 5576 1346 5625 ων.
1355 5564 1380 5619 9,
1392 5567 1499 5627 scilicet,
1507 5578 1556 5622 «Ea
1566 5573 1670 5636 epistota
1680 5580 1710 5627 ad
1722 5578 1815 5637 mbas,

1033 5648 1045 5674 ι
1058 5628 1099 5675 ubi
1111 5624 1196 5675 Paulos
1207 5633 1303 5674 t‘etruut
1314 5626 1480 5689 reprehendit.
1493 5650 1504 5678 ι
