3750 6270
115 211 166 271 hii
725 200 753 254 S.
772 189 950 253 nucdsttrtt
971 186 1123 247 betscott

115 334 167 394 est,
180 323 283 382 etiamsi
297 337 348 379 nnn
361 336 455 385 omne,
466 317 571 390 aliquod
584 327 672 373 tamen
687 330 733 371 eos
744 328 776 368 es
790 311 904 367 aduentu
958 305 1114 359 remittetur?
1135 302 1190 359 llisi
1210 302 1278 359 lorte
1291 301 1362 374 quod
1379 298 1473 358 eadem
1494 315 1538 359 res
1556 300 1660 372 apertis

119 418 233 484 nonin,
248 416 320 487 qnod
342 431 394 469 uon
415 412 558 477 habebant,
573 407 737 465 contraxisse
756 413 902 475 peceatum.
958 396 1037 452 modo
1047 411 1126 467 quarn
1138 395 1184 452 illo
1193 395 1297 461 dicitnr,
1309 404 1337 452 ει
1346 395 1426 451 aliurn
1436 396 1660 466 evangelistarum

117 508 185 565 lllutl
201 508 286 580 ipsum
298 505 417 576 prolecto
429 512 485 569 est,
498 501 569 574 quod
588 502 614 555 in
633 506 791 570 presentem
803 493 906 564 sibique
957 488 1036 543 struit
1047 488 1129 553 alius,
1143 487 1190 543 sed
1204 488 1322 559 exponit.
1342 486 1455 556 Spiritus
1472 496 1556 542 autent
1568 485 1660 559 blasph

118 601 269 669 loquentem
283 612 335 651 non
350 595 538 659 crediderunt,
552 605 665 661 eumque
677 585 905 653 inimicumdepu·
958 579 1047 634 clause
1065 577 1163 633 (licitam
1185 587 1244 645 est3
1264 578 1326 648 quia
1347 593 1399 634 non
1417 592 1572 647 expressam
1593 585 1657 644 est,

120 701 219 754 tontes,
239 688 363 760 quoniam
387 701 450 741 vera
471 684 590 748 dicebat,
610 682 718 750 insuper
740 676 904 734 oeciderunt.
958 672 1074 742 spiritus.
1091 670 1148 726 Non
1160 671 1231 726 enim
1242 671 1401 741 quicumque
1414 670 1538 740 spiritns,
1553 669 1660 741 Spiritm

120 780 175 835 lloe
188 789 321 850 peceatum
332 787 385 833 tam
397 790 521 847 maguum
532 784 560 829 et
573 771 750 835 horrendum,
763 769 785 825 si
798 782 850 824 uon
861 782 906 820 ve-
958 775 1016 819 etns
1030 774 1080 820 est.
1093 763 1159 819 ltem
1180 772 1270 834 potest
1287 763 1340 819 dici
1358 763 1466 833 spiritus
1485 761 1660 832 blasphemia,

120 870 203 925 nisset
215 880 241 924 et
260 869 364 924 loeutus
373 867 412 923 eis
426 865 528 930 luisset,
543 864 634 934 utique
647 875 699 916 noa
712 858 850 915 haberent.
866 857 908 913 Si·
959 855 1052 925 spiritu
1065 856 1175 925 quisque
1187 853 1352 925 blasphemat
1365 871 1373 908 :
1387 853 1521 924 quomodo
1534 851 1660 924 poteatdi

119 968 165 1015 cut
183 975 246 1031 crgo
266 960 380 1015 ibicum
401 956 538 1022 audimus,
558 953 692 1008 Peccatum
708 967 757 1006 noa
771 950 907 1012 habetem·
960 947 1026 1001 ritus
1044 947 1147 1012 oratio,
1171 961 1231 1001 eum
1252 945 1347 1016 spiritu
1367 945 1477 1016 quisque
1495 953 1564 1000 orat.
1588 943 1660 1002 Unde

120 1065 173 1105 non
186 1065 282 1116 omne,
298 1047 345 1104 sed
358 1047 464 1117 aliquod
479 1054 614 1115 peceatum
628 1041 817 1111 intelligimus:
830 1038 865 1094 ita
881 1038 906 1092 in
960 1037 1121 1106 apostotus:
1135 1036 1218 1090 Oraia
1235 1036 1344 1106 spirita,
1357 1033 1434 1090 oraha
1452 1045 1476 1089 et
1495 1045 1577 1089 mente
1589 1033 1612 1104 (l
1622 1033 1660 1090 lin

121 1143 248 1198 hodierna
262 1141 376 1195 lectione
392 1154 452 1193 cum
472 1135 608 1201 audimus,
624 1133 735 1204 Spiritus
754 1130 908 1201 blasphemia
961 1127 1017 1200 t5).
1030 1127 1096 1183 Cum
1109 1142 1172 1184 sero
1184 1127 1282 1183 dictum
1293 1135 1351 1191 εει,
1365 1127 1415 1195 Qui
1430 1126 1660 1193 blasphemaverint

121 1251 172 1289 non
185 1233 338 1296 remittnar,·
353 1246 405 1284 nnn
418 1244 524 1282 ornnem
536 1224 741 1296 blasphemiam,
758 1220 805 1278 sed
816 1236 909 1292 quarn·
960 1221 1176 1283 ritnmsanctnm,
1198 1219 1251 1273 illae
1270 1218 1454 1289 ambiguitates
1477 1220 1570 1273 solute
1592 1227 1660 1275 sunt

121 1325 181 1380 dam
195 1341 203 1389 3
217 1332 312 1379 etcum
323 1320 460 1384 audimus,
477 1318 527 1384 Qai
539 1317 599 1371 dicit
612 1314 713 1370 terhnm
724 1322 811 1368 contra
822 1312 908 1383 Spiri-
961 1309 1031 1382 qnod
1043 1310 1230 1379 scriptumest,
1243 1307 1304 1363 ll'on
1314 1308 1386 1364 hahet
1394 1309 1565 1366 remissionem
1576 1313 1605 1366 in
1617 1319 1660 1367 ult

122 1426 175 1471 tam
194 1425 317 1479 sanctam,
333 1429 383 1467 aon
396 1416 534 1467 rendttetar
554 1410 596 1475 ei,·
621 1421 672 1462 nun
686 1421 766 1462 omne
780 1405 908 1470 verbum,
961 1405 1006 1460 sed
1023 1422 1080 1460 rens
1102 1407 1150 1460 erit
1169 1405 1256 1460 eterni
1275 1403 1378 1469 dedam·
1391 1404 1453 1475 qnid
1468 1405 1613 1472 estalind,
1631 1420 1660 1478 qt

122 1507 168 1563 sed
182 1507 314 1579 quoddam
329 1505 475 1575 intelligere
487 1501 626 1558 debemus.
961 1497 1031 1568 qnod
1044 1498 1187 1553 secundnm
1198 1495 1348 1552 hlattlraeum
1362 1495 1468 1569 legitur,
1485 1496 1545 1551 Non
1554 1498 1660 1553 remitte

158 1599 201 1653 lh.
217 1597 255 1652 De
268 1597 366 1668 Spiritu
389 1609 475 1652 sancto
485 1595 525 1650 hic
548 1595 641 1649 dictam
661 1609 722 1648 esse.
743 1592 808 1647 Nam
821 1599 848 1647 et
859 1589 910 1645 boc
962 1605 1041 1660 neqve
1053 1590 1079 1643 in
1089 1591 1135 1643 hoc
1146 1588 1238 1644 sermo
1247 1627 1255 1654 ‚
1265 1588 1377 1659 nequem
1390 1588 1497 1658 {marai
1506 1588 1660 1660 hliisquipg

123 1690 210 1761 ipsum
222 1688 292 1760 qnod
304 1689 357 1752 ait,
373 1686 486 1758 Spiritus
498 1695 581 1740 antem
594 1684 749 1755 blasphemia
762 1698 813 1737 non
825 1682 907 1736 remit·
962 1680 1004 1737 bis
1026 1691 1053 1735 et
1072 1681 1125 1735 alio
1143 1680 1267 1753 loquendi
1288 1678 1368 1735 atudu
1389 1678 1482 1735 eadem
1498 1679 1553 1749 ipsa
1568 1687 1611 1736 est
1623 1693 1660 1750 en¹

123 1789 203 1845 tetar;
221 1779 375 1849 ntiquennn
388 1777 475 1831 nmtris
486 1776 613 1846 spiritns,
635 1774 682 1830 sed
701 1773 815 1844 Spiritus
826 1772 910 1828 sancti
963 1772 1103 1828 sententia.
1119 1772 1153 1828 Et
1170 1772 1241 1844 quod
1260 1778 1302 1826 εει
1321 1771 1390 1842 apud
1410 1771 1579 1839 blattbaunm,
1595 1770 1647 1837 Qui

123 1868 313 1940 blasphemiam
327 1882 437 1922 necesse
449 1877 490 1921 est
505 1865 690 1936 intelligamus.
705 1863 839 1933 Quodelsi
853 1862 910 1932 pla·
963 1864 1063 1919 verbm
1084 1873 1171 1919 contra
1192 1863 1317 1932 Spiritum
1343 1872 1472 1930 sarratatn,
1498 1878 1532 1919 ne
1556 1862 1630 1919 aliud
1651 1875 1660 1918 t

123 1961 183 2015 nius
192 1959 254 2014 alibi
266 1973 317 2013 non
331 1957 445 2024 diceret,
457 1957 517 2028 quis
531 1965 584 2011 lam
598 1971 692 2011 vecors
705 1963 786 2021 esset,
798 1962 828 2010 ut
840 1952 911 2008 alind
963 1971 1042 2025 quam
1062 1955 1251 2028 blasphemiam
1265 1956 1473 2027 intelligeremus
1492 1955 1595 2025 planius
1614 1953 1660 2011 alii

124 2051 299 2123 intelligeret?
311 2049 460 2106 &cundum
476 2048 544 2104 bane
566 2048 684 2119 regulam
706 2047 864 2111 locutionis,
884 2055 912 2102 et
963 2059 1026 2104 runt
1041 2067 1048 2103 a
1064 2048 1114 2116 Qai
1130 2047 1335 2118 blasphemaverit
1344 2049 1371 2102 in
1383 2046 1508 2118 Spiritum
1519 2046 1660 2102 sanctaml

124 2141 189 2197 illud
203 2142 350 2212 accipitur:
366 2141 424 2196 Nisi
437 2142 493 2213 quis
502 2151 603 2195 renatas
614 2141 689 2210 sveri
699 2157 729 2194 er
742 2156 808 2209 aqna
817 2149 841 2195 et
855 2138 913 2210 Spi-
965 2148 1052 2193 tamen
1066 2153 1109 2193 res
1120 2138 1154 2192 ab
1167 2138 1289 2194 omnibus
1300 2137 1371 2193 dicta
1383 2147 1424 2193 est
1438 2155 1445 2191 :
1459 2153 1509 2193 nec
1522 2138 1619 2208 aliquis
1630 2152 1660 2196 en

123 2234 174 2286 rita
188 2231 276 2304 (ioan.
295 2248 340 2298 nt,
354 2232 395 2303 5).
412 2232 468 2287 Non
482 2233 603 2288 enimait
621 2231 671 2298 ibi,
686 2232 720 2287 Et
740 2231 838 2301 Spiritu
851 2246 913 2286 san·
964 2228 1097 2300 loquentis
1119 2228 1255 2284 voluntate
1278 2227 1418 2297 discessit,
1434 2238 1542 2300 propter
1562 2227 1660 2299 quant

123 2330 167 2376 cto
181 2339 188 2374 ε
202 2329 230 2375 ot
243 2330 330 2377 tamen
344 2321 394 2376 boc
408 2321 575 2393 intelligitur.
588 2321 642 2376 llec
655 2322 780 2392 querulam
794 2320 872 2388 dixit,
882 2339 914 2377 ra
965 2319 1077 2390 gandam
1102 2319 1184 2376 verba
1207 2319 1341 2388 dicuntur,
1363 2320 1523 2387 scribuntur,
1544 2320 1660 2390 leguntnt

124 2427 190 2482 aqna
199 2420 222 2466 et
237 2411 352 2480 Spiritu,
365 2427 471 2468 omnem
481 2413 604 2484 spiritum
617 2414 757 2485 quisquam
767 2413 913 2485 intelligere
964 2409 1080 2465 diuntnr.

124 2501 236 2572 cogitur.
258 2501 386 2570 Quocirca
410 2518 471 2559 curn
495 2503 588 2568 andis,
613 2503 725 2576 Spiritns
747 2513 834 2559 asum
856 2504 913 2560 hla·
999 2500 1112 2559 carba
1132 2500 1177 2557 lx.
1195 2531 1230 2546 -
1243 2502 1288 2558 ll.
1299 2501 1441 2574 difficultas
1453 2504 1480 2559 in
1492 2503 1573 2558 verbis
1592 2501 1660 2559 stan

124 2593 238 2662 spbemia
255 2610 305 2648 non
320 2596 472 2661 remittctnr;
487 2595 556 2651 sicut
575 2611 627 2651 non
646 2611 752 2652 omnem
774 2595 912 2667 spiritum,
965 2593 1003 2648 ait
1014 2592 1109 2664 aliquis
1123 2611 1130 2646 ε
1144 2593 1214 2649 Ecce
1226 2594 1317 2664 accepi
1330 2603 1357 2650 ει
1370 2595 1504 2661 intellexi,
1518 2594 1581 2665 qnia
1603 2604 1660 2651 curt

126 2685 164 2740 ita
187 2701 240 2741 non
264 2687 351 2742 omnis
373 2687 483 2758 spiritus
502 2687 694 2758 blasphemiam
715 2694 822 2758 oportet
842 2687 914 2743 aoei-
966 2692 1010 2739 tur
1021 2683 1203 2754 blasphemia,
1224 2699 1274 2740 nec
1284 2685 1442 2755 exprimitur
1450 2686 1537 2741 omnis
1554 2695 1602 2743 ant
1614 2699 1660 2757 qut

125 2777 191 2848 pias.
966 2783 1054 2844 potest
1067 2774 1188 2846 quaedam
1202 2775 1328 2846 intelligi,
1340 2783 1387 2832 ant
1399 2777 1501 2843 omnis;
1522 2777 1569 2832 sed
1582 2792 1637 2833 aon
1656 2796 1660 2828 t

161 2867 274 2924 catut
288 2866 355 2923 vtlt.
366 2897 401 2909 -
415 2870 458 2924 ιδ.
478 2868 647 2942 Evangeiistae
657 2871 702 2926 aiii
714 2872 746 2926 de
757 2872 805 2926 has
815 2888 843 2927 re
853 2888 915 2927 ron·
966 2882 1042 2924 cesse
1055 2877 1084 2924 nt
1096 2868 1198 2934 omnim
1216 2869 1267 2925 nisi
1279 2877 1369 2926 auteur
1381 2869 1503 2941 quaedam
1515 2868 1660 2941 intelligam

128 2961 261 3016 sentientes
273 2977 331 3014 cam
346 2959 477 3016 Maniae.
492 2962 592 3018 Audire
602 2962 656 3033 jam
672 2963 742 3020 aelle
754 2978 802 3020 vos
825 2964 913 3032 viden,
967 2974 1026 3015 snm
1043 2959 1167 3031 estquod
1185 2959 1300 3015 dicitur:
1315 2959 1351 3016 ita
1364 2968 1392 3017 et
1404 2960 1514 3016 verbnm
1536 2962 1558 3016 si
1582 2975 1637 3016 non
1654 2978 1660 3014 t

127 3051 251 3121 qnoniam
267 3067 320 3106 non
333 3058 375 3106 εει
387 3052 493 3119 omnis,
506 3067 627 3123 quaenam
640 3054 675 3108 sit
690 3053 734 3108 illa
749 3053 914 3124 blasphemia
968 3067 1065 3119 omne,
1079 3066 1127 3108 sen
1142 3053 1290 3122 quoddam,
1305 3068 1357 3108 non
1373 3064 1414 3109 est
1424 3068 1533 3110 necesse
1544 3062 1574 3109 ut
1585 3067 1660 3111 amnt

128 3141 330 3214 spiritumque
352 3158 406 3198 aon
425 3142 591 3210 remittetur;
610 3153 638 3200 et
658 3145 728 3216 quod
741 3146 776 3200 sit
785 3146 914 3213 verbnm,
967 3144 1080 3216 ligatur3
1104 3142 1151 3199 sed
1172 3143 1222 3199 nisi
1252 3144 1296 3200 vel
1318 3143 1451 3214 quoddam
1472 3143 1552 3200 luerit
1574 3143 1660 3202 intellt

128 3232 253 3301 qnoniam
267 3247 319 3287 non
336 3241 377 3287 est
388 3246 476 3297 omtre,
490 3231 560 3304 quod
579 3233 602 3288 si
615 3233 714 3290 dictum
734 3234 812 3291 luerit
824 3244 916 3292 eontra
968 3235 1041 3290 nullo
1053 3234 1133 3291 modo
1147 3243 1234 3306 potest
1245 3251 1337 3292 rerum
1352 3235 1495 3307 essequod
1514 3235 1624 3293 dicitur.
1640 3234 1660 3294 S

128 3321 256 3392 Spiritum
265 3332 402 3391 sanetum,
418 3339 469 3378 non
481 3324 639 3391 remittetur,
651 3340 737 3396 neque
753 3326 779 3380 in
798 3325 849 3382 hoc
865 3342 917 3382 sar·
968 3327 1073 3399 legitur,
1089 3326 1140 3394 out
1154 3327 1376 3398 blasphemaverit,
1387 3328 1521 3399 quomodo
1533 3327 1655 3400 intelligo

129 3413 200 3479 enln,
211 3427 296 3482 neque
307 3413 333 3467 in
346 3410 445 3468 futuro.
458 3413 551 3469 lamet
562 3430 612 3485 ego
625 3414 720 3470 vellem
734 3414 833 3482 dicere,
844 3416 915 3486 quod
968 3420 1028 3476 darn
1049 3419 1255 3491 blasphemiam,
1269 3420 1313 3475 ubi
1332 3435 1385 3475 non
1408 3420 1504 3491 legitur
1517 3419 1660 3492 blasphemi

130 3503 304 3558 intentissime
316 3503 475 3573 exspectatis
489 3503 581 3560 andire
595 3521 601 3557 :
616 3503 663 3560 sed
676 3503 787 3562 tolerate
798 3506 917 3578 aliquan·
968 3511 1099 3583 quoddam
1111 3513 1238 3579 verbum,
1257 3512 1300 3568 ubi
1312 3526 1363 3566 non
1377 3512 1473 3582 legitur
1485 3513 1614 3576 verbnm,
1630 3526 1660 3569 se

130 3603 171 3650 tas
182 3593 292 3665 maioris
308 3594 449 3665 diligentias
468 3610 573 3661 moras,
586 3595 689 3664 donee,
706 3596 848 3667 adjuvante
862 3599 916 3653 lin-
968 3619 1046 3674 quam
1065 3603 1224 3674 generaliter
1243 3602 1295 3658 dici
1320 3601 1433 3669 videtur,
1460 3603 1509 3669 Qni
1530 3603 1660 3675 ttasphest

131 3685 213 3750 mino,
225 3693 309 3740 tolum
323 3684 394 3755 quod
406 3685 522 3740 occurrit
534 3685 683 3757 expediam.
696 3686 748 3742 lilii
757 3687 855 3760 quippe
864 3688 917 3745 dno
969 3694 1036 3750 llnie
1048 3693 1250 3751 conandictloni
1263 3694 1302 3750 sic
1315 3694 1508 3764 respondemus
1521 3711 1527 3747 :
1540 3694 1608 3761 Quia
1624 3696 1660 3752 eti

131 3778 309 3849 evangelistae,
324 3777 426 3833 Marcus
438 3787 466 3833 ει
474 3777 569 3842 Lucas,
586 3791 645 3833 enm
664 3777 699 3834 de
718 3778 769 3835 hae
782 3795 811 3836 re
823 3780 916 3852 loque·
968 3783 992 3838 si
1012 3783 1153 3851 diceretur,
1177 3785 1227 3854 Qui
1246 3785 1467 3856 blasphemaverit
1485 3801 1660 3859 quemcumqu

131 3877 231 3933 rentur,
245 3867 448 3935 nondisemut,
468 3867 669 3939 blasphemiam,
678 3884 726 3926 sen
740 3872 850 3928 verbum
867 3889 874 3928 :
889 3881 919 3929 ut
968 3874 1115 3945 spbemiam
1132 3876 1159 3931 in
1178 3875 1305 3945 Spiritum
1320 3884 1458 3942 sanctum,
1478 3877 1544 3933 nibil
1556 3886 1631 3934 esset
1648 3893 1660 3935 t

132 3957 338 4028 intelligeremus
353 3973 405 4012 non
415 3973 521 4015 omnem
537 3958 745 4031 blasphemiam,
759 3962 806 4019 sed
820 3979 916 4036 quam-
969 3982 1047 4038 quam
1067 3967 1259 4037 blasphemiam
1272 3968 1442 4040 quaerendam
1463 3978 1632 4039 putaremus,
1652 3986 1660 4026 t

131 4046 210 4106 dam:
232 4063 282 4103 nec
303 4046 414 4103 verbum
435 4063 530 4116 omne,
554 4050 602 4106 sed
616 4050 758 4121 quoddam.
773 4055 918 4127 Quidergo
969 4070 1076 4112 omnem
1099 4057 1246 4129 intelligere
1267 4057 1444 4113 deberemus:
1460 4059 1507 4113 sed
1524 4058 1585 4129 quia
1598 4073 1660 4115 omn

132 4137 273 4193 dixerunt?
283 4137 359 4211 Apud
378 4137 494 4194 ilareum
507 4139 543 4194 ita
554 4141 734 4211 scriptumest
747 4162 753 4198 :
766 4144 846 4201 Amen
861 4146 918 4201 dica
969 4155 1056 4217 potest
1065 4147 1194 4217 intelligi,
1210 4163 1244 4203 ne
1255 4148 1368 4218 Paganis
1379 4190 1387 4214 ,
1399 4147 1517 4216 lttdteis,
1531 4148 1660 4206 baereticit

132 4231 210 4298 nohis,
220 4231 337 4302 qnoniam
351 4232 435 4285 omnia
444 4231 664 4304 dimittentnrpiliis
675 4236 806 4291 hominnm
816 4246 919 4309 peccata
970 4240 1049 4310 nique
1061 4239 1197 4295 hominum
1209 4240 1316 4310 generi,
1330 4241 1373 4310 qui
1388 4240 1500 4295 dirersis
1509 4242 1646 4298 erroribus
1658 4272 1660 4288 ι

132 4331 156 4377 et
169 4323 344 4393 blasphemias,
359 4323 447 4395 quibas
458 4322 681 4394 blasphemaverint
693 4341 704 4381 .·
716 4327 759 4398 qast‘
769 4337 852 4384 ιιιιιειιι
862 4328 917 4384 hia·
970 4330 1171 4387 tradicilonibtts
1185 4333 1240 4386 suis
1253 4330 1437 4402 blasphemant
1446 4333 1472 4386 in
1486 4332 1613 4404 Spintum
1626 4347 1660 4390 sat

133 4412 296 4483 sphemaverit
312 4413 339 4467 in
357 4412 481 4483 Spiritum
501 4423 629 4482 sanctam,
646 4432 697 4471 nun
709 4418 782 4474 habet
792 4419 919 4475 senessia·
970 4436 1031 4493 spes
1044 4421 1223 4490 remissionis,
1236 4422 1259 4477 si
1280 4437 1309 4478 se
1321 4425 1498 4490 correxerint,
1512 4425 1660 4494 autentum

134 4520 190 4557 nem
201 4503 227 4557 in
238 4513 376 4568 aurnum,
390 4503 433 4558 sed
444 4521 502 4559 reas
510 4506 557 4559 erit
571 4508 658 4561 aeterni
668 4507 752 4562 delicti
764 4509 859 4581 (llaec.
873 4526 916 4580 nt,
970 4515 1059 4584 utique
1073 4522 1103 4567 ut
1114 4512 1141 4567 in
1151 4525 1184 4568 eo
1195 4512 1264 4583 quod
1280 4513 1406 4585 seriptum
1418 4521 1476 4581 est,
1488 4514 1538 4580 Qui
1551 4513 1660 4588 ttasptm

133 4592 245 4665 wll).
264 4593 340 4664 dpud
358 4593 456 4649 Lucam
474 4595 509 4648 ita
521 4611 529 4648 :
543 4594 631 4651 Omnis
644 4600 686 4668 qni
698 4599 759 4653 dicit
774 4601 874 4656 numm
892 4604 919 4658 in
970 4599 997 4652 in
1016 4598 1141 4672 Spiritum
1156 4607 1284 4663 sanctma,
1305 4614 1356 4652 non
1372 4597 1445 4652 hahet
1457 4599 1625 4655 resmissionem
1643 4601 1660 4656 it

134 4685 159 4739 F
159 4687 231 4740 iliam
245 4686 368 4752 hominis,
379 4688 517 4741 remittetur
526 4688 565 4742 ei:
575 4689 598 4743 ei
609 4701 692 4745 autem
703 4694 746 4761 qni
757 4694 783 4748 in
795 4694 920 4767 Spiritum
970 4705 1049 4753 nam,
1074 4688 1119 4743 ille
1144 4687 1305 4759 intelligatur
1326 4688 1390 4757 qui,
1415 4704 1467 4742 non
1490 4690 1563 4744 oanni
1593 4691 1660 4748 mod

135 4774 479 4847 sanctnmilasphenmterit,
493 4781 779 4853 nonremittetnrlhnc.
794 4799 848 4852 sn,
862 4785 918 4856 llll.
970 4795 1005 4836 eo
1032 4780 1111 4835 modo
1136 4779 1373 4850 blasphemaverit,
1402 4789 1431 4834 nt
1458 4781 1483 4836 ei
1511 4797 1649 4853 nunquam

135 4866 266 4937 Numquid
288 4876 396 4937 propter
416 4869 569 4923 nonnullam
585 4871 725 4927 verborum
739 4872 919 4931 diversitatem
971 4872 1080 4943 ignosci.

135 4957 267 5013 receditur
283 4956 316 5011 ab
329 4956 447 5026 ejusdem
462 4960 571 5015 veritate
582 4963 739 5020 sententie?
750 4964 816 5020 llam
834 4980 920 5038 neque
1007 4967 1119 5024 CAPUT
1139 4967 1174 5022 X.
1193 4999 1228 5009 -
1247 4969 1290 5025 tn.
1307 4967 1419 5037 Tantalio
1439 4967 1542 5040 duplas.
1555 4968 1660 5026 Sicute

135 5048 187 5103 alia
209 5063 287 5103 cansa
309 5057 350 5105 εει
373 5064 421 5104 cur
444 5050 617 5121 Evangelistae
635 5055 728 5112 eadem
751 5072 803 5115 non
826 5060 920 5116 endem
971 5057 1082 5128 eoquod
1092 5059 1250 5125 dictumest,
1260 5060 1329 5116 bens
1342 5061 1464 5115 nemnem
1475 5070 1552 5116 tentat
1562 5061 1660 5135 (Jaeolti

138 5139 216 5194 nrodo
230 5139 336 5206 dicant,
349 5139 400 5194 nisi
420 5150 449 5195 ut
467 5141 529 5198 inde
546 5142 679 5203 diseamus
693 5162 737 5203 res
749 5149 853 5220 vorbis,
866 5167 920 5208 non
972 5165 1024 5204 non
1037 5152 1125 5216 otnni,
1139 5152 1186 5208 sed
1199 5153 1312 5222 qaudam
1328 5152 1480 5207 tentationis
1494 5152 1572 5208 modu
1589 5153 1659 5210 Deua

135 5231 216 5286 rebus
227 5231 307 5286 verba
320 5247 490 5304 preponere,
513 5234 632 5305 nihilque
652 5239 722 5294 aliud
746 5240 772 5296 in
796 5241 921 5314 loquente
972 5255 1034 5295 nem
1054 5251 1155 5299 tentare
1177 5242 1360 5313 intelligendus
1380 5251 1419 5298 εει
1436 5261 1442 5296 :
1467 5260 1502 5299 ne
1523 5243 1618 5299 laisum
1639 5246 1661 5301 si

136 5323 333 5389 qttaarere,nisi
345 5324 520 5394 voluntatem,
532 5337 727 5400 propterquam
737 5328 920 5391 insintm'ndam
972 5335 1043 5405 tprod
1064 5338 1191 5406 seriptum
1212 5344 1268 5401 est,
1292 5334 1380 5390 Tcnmt
1398 5353 1441 5391 ros
1463 5338 1585 5392 dominns
1599 5337 1660 5393 Dent

136 5409 215 5465 verba
230 5421 395 5482 promuntur.
408 5415 476 5482 Quid
489 5417 560 5474 enirn
572 5419 606 5475 ad
620 5436 677 5478 rem
690 5421 817 5494 interest,
833 5435 920 5484 utrum
973 5429 1062 5502 (Dent.
1073 5448 1119 5488 snt
1131 5473 1139 5497 ,
1153 5431 1197 5505 5);
1214 5441 1242 5487 et
1255 5448 1289 5487 ne
1303 5432 1434 5488 Christum
1455 5449 1581 5505 negemus
1602 5435 1658 5492 lien

137 5501 250 5568 dimtnr,
265 5503 377 5574 Spiritus
396 5508 549 5582 blasphemia
566 5527 616 5568 non
632 5516 787 5586 ranittetrtrp
800 5533 835 5575 aa
846 5518 920 5577 dica·
973 5523 1092 5580 dicamus
1106 5523 1201 5579 laisum
1217 5524 1405 5594 Evangelinm,
1422 5525 1465 5580 nbi
1482 5526 1592 5596 legimns
1606 5528 1660 5598 qnia

137 5600 189 5663 tur,
209 5594 259 5661 Qll'
277 5595 481 5661 hlotnhemttverit
500 5601 527 5658 itt
547 5601 672 5680 Spiritum
687 5619 816 5686 maclam,
834 5619 922 5676 nana
975 5620 1084 5692 rogabat
1101 5617 1257 5690 discipulum
1279 5629 1376 5675 tentans
1396 5636 1469 5689 eam,
1491 5622 1545 5693 ipse
1563 5631 1647 5677 antem

811 5896 909 5913 h.
