3728 6276
1465 236 1477 270 1

705 299 819 358 sentio
836 296 956 354 ιιιιι.
1000 278 1003 283 ’
1595 312 1648 367 aro

142 428 177 476 ert
188 419 224 476 de
238 418 369 477 sabbato!
380 417 414 474 Et
429 418 456 473 in
470 417 512 472 bis
526 417 648 473 omnibus
662 432 720 488 qua
734 417 808 472 Scri-

154 509 230 567 libro
251 509 365 567 Genesis
382 508 466 565 mum
488 508 582 565 iecisse
601 517 808 573 commemorat,

142 600 228 658 icitur
239 601 421 657 &notificasse
432 601 483 656 nisi
494 599 565 656 diem
579 598 809 671 septimum‚quod

142 700 184 750 tat
198 694 340 750 sabbatum
354 691 365 764 (
377 690 439 748 Cen.
453 708 483 762 ιι,
498 691 543 761 bi.

142 793 238 855 ncepta
260 792 355 854 septem
374 798 431 853 pue
451 783 594 854 monimum
615 790 737 854 spectant.
759 780 809 837 Se-

142 883 376 948 roprreceptnrnm
391 889 450 945 qua
464 873 598 930 dilectioni
612 874 739 944 proximis
760 873 808 929 tri-

142 966 277 1039 ,primum
289 972 349 1021 est:
363 962 470 1019 Honora
480 973 658 1037 patremmeum
669 976 694 1020 et
704 976 809 1020 uentrem

142 1056 270 1114 eundum
284 1074 292 1111 ι
307 1055 369 1111 Non
382 1056 489 1111 occides.
504 1056 621 1112 Tertium
636 1075 642 1112 :
665 1055 726 1111 Non
746 1073 809 1110 nroe·

160 1148 318 1217 Quartum:
342 1146 404 1203 Non
425 1149 558 1221 furaberis.
580 1147 725 1216 Quintum:
750 1145 810 1202 Noa

142 1241 306 1298 tetimonium
327 1241 403 1296 dices.
423 1240 550 1298 Sextum:
571 1240 633 1296 Non
653 1242 811 1312 conntpiacea

142 1335 251 1391 mamni
263 1335 309 1389 tui.
322 1333 469 1406 Septimum
486 1352 493 1388 ι
514 1333 574 1389 Non
586 1334 745 1407 concupisces
759 1349 811 1388 rem

142 1424 182 1480 tri
202 1423 314 1497 (Ereti.
332 1441 387 1493 rx,
411 1424 523 1497 tait).
545 1425 613 1480 lluic
632 1424 811 1481 distributioni

142 1524 316 1573 eattestatur
326 1517 478 1588 Apostolus,
492 1517 536 1573 ubi
549 1516 629 1584 dicit,
646 1515 751 1572 Honora
762 1534 810 1588 po·

142 1627 166 1665 rr
175 1619 201 1666 ct
210 1619 317 1664 moena
329 1619 408 1676 tram·
417 1609 485 1682 pono
499 1618 534 1666 est
542 1610 688 1665 ntandutum
703 1611 812 1682 primum

146 1701 221 1767 vni
244 1742 252 1756 .

142 1792 169 1849 'l
188 1700 277 1849 V.)-
293 1791 426 1860 Queritur
442 1793 529 1859 enim,
543 1802 570 1850 et
583 1807 636 1849 non
651 1792 677 1848 in
691 1801 747 1852 toto
761 1793 813 1850 lle·

141 1885 264 1942 tremitur
279 1885 415 1958 primum:
438 1886 499 1958 quia
517 1886 610 1944 decem
627 1887 812 1944 mandatorum

147 1976 269 2049 primum
282 1976 327 2032 ubi
340 1974 375 2033 de
389 1991 441 2032 uuo
456 1976 511 2033 beo
524 1977 636 2033 colendo
648 1977 809 2049 praecipitur.

142 2066 174 2123 de
187 2066 354 2123 honorandis
365 2068 519 2140 parentibus
529 2069 657 2140 scriptum
670 2071 696 2125 in
708 2069 759 2124 alia
773 2077 812 2127 ta-

142 2158 284 2229 lmumque
299 2167 351 2226 εει,
372 2159 432 2231 guia
452 2159 515 2216 inde
534 2161 663 2232 incipiunt
681 2169 811 2233 precepta

142 2250 314 2309 dilectionem
327 2252 441 2323 proximi
454 2251 616 2310 reiemntur.

142 2344 237 2399 ιιὶεεηι
250 2359 343 2399 mcum
354 2353 456 2400 cormac
469 2348 600 2418 cujusnam
612 2347 654 2403 rit.
668 2346 811 2404 Donatista

142 2444 279 2490 tentant.
303 2434 447 2493 Cantemus
466 2452 529 2509 ergo
549 2439 682 2496 canticum
701 2456 810 2510 novrum,

142 2539 164 2581 at
178 2525 308 2597 psalterio
326 2526 418 2584 decem
435 2527 606 2586 cbordarum.
624 2529 681 2588 lloc
695 2539 736 2588 est
749 2547 813 2589 eau-

142 2630 225 2683 mum,
239 2616 323 2688 gratia
337 2617 399 2674 nori
407 2617 580 2686 Testamenti,
590 2620 661 2690 quod
675 2635 725 2677 nos
738 2636 753 2677 a
765 2637 812 2680 re-

142 2708 200 2765 tine
211 2707 349 2776 discernit,
365 2709 411 2781 qui
424 2710 525 2781 primus
539 2711 624 2768 lactus
638 2724 679 2769 est
691 2712 726 2769 de
740 2721 811 2770 terra

144 2841 153 2856 .
170 2802 210 2859 lle
223 2802 288 2859 limo
300 2804 371 2860 enim
385 2803 470 2860 iactus
480 2815 536 2872 est,
548 2815 575 2861 et
585 2806 683 2863 amima
696 2806 810 2864 beatitu

142 2893 280 2950 miseriam
293 2894 354 2966 jure
373 2894 508 2966 proiectus
527 2905 584 2961 est,
599 2897 724 2968 quoniam
743 2914 811 2969 prae·

142 2984 292 3041 eraricator
301 2985 447 3041 exstiterat.
458 2985 511 3043 Sed
521 2986 582 3057 quid
594 2987 658 3044 dicit
668 2987 738 3060 apud
750 3003 812 3060 pro-

142 3119 144 3135 .
160 3074 208 3147 gui
220 3076 320 3146 gratias
331 3075 386 3148 agit
401 3077 492 3148 gratiae
504 3077 550 3133 liei
563 3094 612 3149 per
626 3080 808 3136 remissionem

142 3182 189 3223 um
204 3166 389 3224 reconcilianti
401 3183 451 3224 nos
463 3169 533 3236 beo,
548 3180 575 3226 et
588 3172 726 3228 renovanti
740 3188 809 3244 pra-

142 3261 319 3319 retostateml
333 3261 430 3316 Eduait
443 3278 491 3329 me,
505 3263 607 3335 inquit,
621 3265 653 3319 de
663 3264 721 3321 iace
733 3266 810 3322 aare·

142 3354 220 3408 elato
231 3351 285 3408 iinra’
297 3369 306 3407 τ
319 3363 343 3409 et
355 3354 439 3425 poscit
453 3365 634 3426 superparem
645 3358 720 3427 pedes
729 3375 808 3427 meos,

142 3454 152 3499 t
175 3460 279 3517 musar
291 3461 379 3501 meos:
392 3455 415 3502 et
427 3446 530 3501 imnridt
542 3447 570 3503 ia
583 3464 611 3503 os
627 3466 710 3506 menna
727 3453 810 3506 casati·

142 3552 193 3602 aar,
206 3536 327 3608 igmnm
340 3536 395 3592 Deo
408 3548 493 3594 nostro
509 3537 600 3612 (Pani.
615 3557 710 3609 xxxta,
723 3544 751 3611 3,
763 3543 807 3616 i).

142 3625 271 3682 auduom
282 3640 392 3694 norum,
402 3626 473 3698 quod
483 3628 571 3700 psallit
584 3631 610 3685 in
624 3633 751 3703 psalterio
759 3634 809 3690 de·

142 3715 262 3773 rdaram
285 3715 370 3775 Nemo
390 3718 463 3774 cuim
484 3718 575 3776 laudat
594 3721 692 3788 Deum,
708 3723 735 3779 ld
755 3735 807 3791 est,

142 3824 238 3877 unum,
250 3808 302 3864 nisi
315 3808 355 3866 ori
367 3824 417 3868 suo
427 3810 503 3869 iactis
515 3815 672 3881 consentiat,
685 3816 768 3874 ὓειιιιι
781 3828 808 3874 ει

142 3914 169 3954 ιι
187 3897 332 3971 diligendo.
346 3898 401 3958 Nee
412 3915 443 3959 se
456 3901 618 3961 arbitrentur
631 3904 807 3977 rebaptizato·

142 3989 229 4046 atistae
250 3990 284 4046 ad
304 4006 402 4049 norom
425 3994 556 4051 candoum
575 3999 733 4068 pertinere:
754 4016 807 4059 non

142 4087 212 4137 utam
222 4080 355 4137 canticum
367 4098 476 4152 norum,
484 4085 530 4156 oui
539 4088 573 4142 ab
585 4087 714 4155 Ecclesia,
727 4107 806 4164 quarn

142 4169 210 4227 imni
221 4177 293 4227 terra
303 4174 462 4242 essevoluit,
471 4177 584 4248 superba
594 4178 730 4252 impietate
740 4201 807 4255 prae-

142 4258 271 4317 .Etenim
285 4261 337 4319 alio
348 4263 408 4320 loco
420 4265 491 4322 idem
503 4269 633 4340 propbeta
643 4272 726 4332 dicit:
740 4275 807 4333 Can-

142 4350 192 4407 o'ao
204 4351 333 4408 canticum
344 4369 456 4424 nonum,·
469 4368 570 4415 suntme
582 4361 701 4434 domno,
725 4371 807 4425 omanis

142 4442 162 4498 ri
179 4457 247 4515 ergo
260 4452 369 4502 enare
389 4462 450 4504 eum
463 4451 536 4508 omni
549 4460 620 4511 terra
633 4471 686 4514 uon
699 4460 771 4530 ruit,
790 4476 806 4518 a

142 4532 236 4590 omine
257 4550 311 4591 non
331 4537 479 4606 recedens,
493 4557 546 4598 non
560 4553 650 4602 cantat
673 4552 806 4609 (anticum

142 4639 196 4683 ree
214 4627 305 4697 psallit
321 4629 349 4685 iu
364 4631 491 4701 psalterio
504 4634 596 4694 decem
620 4640 803 4702 chordarum:

142 4715 395 4788 t’ucstebmitatis,
413 4738 473 4794 guae
491 4727 547 4783 sola
561 4727 640 4801 Legis
658 4744 700 4788 est
719 4736 805 4806 ptem.

142 4807 278 4866 rmdecetn
291 4815 431 4886 preceptis
443 4816 478 4872 ad
490 4817 646 4880 omnnem
655 4824 805 4899 beietpro·

142 4900 287 4959 landam
299 4903 413 4963 dicimus
424 4909 565 4966 contineri.

239 4992 358 5052 salillo
375 4995 509 5055 xxxiv·
526 5001 579 5074 (ι).

142 5081 202 5139 erbe
210 5082 312 5142 Prolati
321 5102 413 5157 caux,
425 5090 451 5154 l,
461 5089 490 5156 Ξ,
500 5091 611 5153 &atate
621 5098 732 5158 Domino
742 5118 805 5160 ean-

144 5188 255 5242 mum,
268 5176 327 5233 lam
338 5177 397 5248 ojus
407 5179 434 5235 in
446 5180 567 5241 Ecclesia
578 5197 740 5260 sanctorum,
755 5205 803 5251 etc.

142 5266 201 5323 uiso
213 5284 278 5324 rouo
288 5278 313 5325 et
327 5270 377 5325 rito
388 5288 462 5328 nora.

212 5359 312 5410 ΜΨ
325 5364 450 5428 cartagine
460 5364 490 5417 δᾶ
501 5371 608 5435 uana.
700 5428 703 5433 .

142 5438 163 5495 ἱ·
194 5439 338 5500 Pblbbll.
354 5476 389 5487 —
410 5449 436 5503 l.
466 5450 596 5511 Canticum
628 5477 719 5519 acaum
744 5485 804 5524 run.

142 5610 689 5700 „emmeramensem

142 5689 354 5745 eduliumi.

863 423 933 479 ture,
956 413 1028 486 caius
1048 424 1089 470 nt.
1116 416 1251 474 Admoniti
1271 433 1362 476 sumus
1391 434 1501 479 mutare
1535 425 1648 481 Domino

862 506 994 562 canticum
1015 522 1123 566 norum.
1142 510 1227 567 Homo
1248 528 1331 569 novus
1353 516 1426 571 norit
1445 519 1577 574 carrtioum
1600 535 1649 574 no-

861 613 934 654 rum.
957 596 1105 671 Canticum,
1128 618 1173 658 res
1185 614 1225 661 est
1245 605 1403 675 hilaritatis;
1419 621 1446 666 et
1459 612 1483 667 si
1497 612 1649 684 diligentius

862 687 1070 761 consideremus,
1086 708 1130 750 res
1143 703 1184 751 est
1197 697 1305 754 autoris.
1320 698 1370 766 Qui
1387 716 1450 772 ergo
1467 703 1540 759 norit
1553 720 1650 760 novam

862 779 943 835 vitam
955 795 1056 850 amare,
1070 784 1144 839 norit
1154 786 1285 843 canticum
1302 805 1397 844 norum
1410 801 1527 848 cantare.
1541 793 1605 862 Qua
1615 797 1651 854 sit

862 884 926 942 ergo
937 869 991 926 rita
1004 887 1083 938 nora,
1094 877 1279 933 commonendi
1294 896 1386 936 sumus
1401 884 1650 953 proptercamicum

863 975 971 1016 norum.
991 960 1032 1018 td
1051 979 1132 1020 unum
1152 966 1223 1021 enim
1246 983 1355 1039 reguum
1387 972 1520 1040 pertinent
1542 974 1649 1040 omnia,

863 1051 944 1108 bomo
955 1067 1051 1123 novus,
1064 1056 1195 1112 canticum
1208 1072 1315 1126 norum,
1329 1060 1528 1119 Testamentum
1540 1080 1648 1121 novrum.

863 1140 934 1213 Ergo
947 1142 1028 1202 bomo
1048 1159 1143 1215 novus,
1165 1157 1192 1203 et
1208 1150 1325 1205 rarrtabit
1342 1153 1474 1209 canticum
1491 1171 1599 1223 novum,
1622 1165 1651 1214 et

864 1233 1008 1303 pertinebit
1020 1236 1053 1292 ad
1067 1236 1267 1296 Testamentum
1281 1257 1389 1297 norum.

898 1323 925 1380 2.
939 1325 1055 1383 Cbcritar
1066 1344 1098 1384 ea
1110 1328 1174 1384 Deo.
1188 1330 1272 1388 Nemo
1289 1342 1331 1389 est
1350 1337 1395 1406 qui
1418 1352 1470 1393 oon
1490 1347 1562 1395 atttet
1582 1355 1652 1398 :seo

864 1415 990 1487 quaritur
1005 1416 1069 1488 quid
1089 1431 1170 1477 amet.
1186 1420 1244 1476 Non
1262 1437 1326 1495 ergo
1343 1424 1527 1493 admonemur,
1550 1439 1578 1485 ut
1597 1446 1651 1488 uon

864 1520 999 1563 amemus:
1014 1508 1062 1565 sed
1077 1511 1312 1585 uteligamusquid
1326 1530 1455 1575 amemus.
1468 1519 1520 1576 Sed
1531 1520 1593 1592 quid
1603 1523 1654 1578 eli-

864 1597 960 1668 gimus,
973 1599 1025 1656 nisi
1041 1601 1113 1672 prius
1127 1602 1273 1675 eligamur?
1288 1606 1355 1674 Quia
1374 1624 1425 1665 nec
1443 1610 1586 1682 diligimus,
1600 1615 1652 1668 nisi

864 1690 938 1760 prius
949 1690 1099 1765 diligamur.
1119 1694 1250 1753 loannem
1262 1699 1411 1768 apostolum
1426 1702 1525 1758 audite.
1547 1703 1593 1759 ilie
1611 1715 1656 1761 est

864 1783 1009 1852 apostolus,
1019 1784 1064 1856 qui
1074 1801 1154 1856 super
1163 1799 1255 1858 pectus
1266 1789 1369 1846 bomini
1380 1790 1578 1862 discumbebat,
1588 1804 1615 1850 et
1625 1797 1654 1851 in

864 1886 897 1928 eo
909 1873 1033 1930 convivio
1045 1876 1164 1933 coeicstia
1182 1888 1284 1935 secreta
1298 1880 1404 1937 bibebat
1421 1881 1508 1956 (icari.
1519 1901 1576 1954 ιιιι,
1585 1887 1620 1942 25
1629 1890 1652 1958 i.

864 1963 903 2019 Ει
924 1965 971 2023 illo
983 1976 1063 2038 potu,
1082 1978 1110 2025 et
1128 1985 1161 2026 er
1174 1970 1220 2026 illa
1234 1971 1301 2028 inlici
1327 1972 1455 2031 ebrietate
1472 1978 1601 2044 ructarit,
1619 1977 1653 2033 ln

864 2058 989 2131 principio
1001 2069 1054 2115 erut
1074 2060 1181 2118 Verbum
1194 2062 1249 2135 (id.
1265 2080 1284 2133 ι,
1298 2065 1336 2136 l).
1345 2066 1486 2125 Humilitas
1500 2071 1614 2136 excelsa,
1626 2080 1655 2126 et

864 2152 980 2209 ebrietas
999 2153 1103 2210 sobria!
1124 2155 1170 2213 llle
1188 2173 1252 2229 ergo
1267 2174 1378 2230 magnus
1391 2171 1519 2228 ructator,
1541 2162 1592 2220 boc
1612 2176 1656 2220 εει

865 2240 1033 2310 predicator,
1050 2243 1120 2300 inter
1132 2254 1228 2302 caetera
1241 2263 1300 2319 quae
1312 2248 1377 2305 bibit
1390 2251 1424 2307 de
1437 2251 1574 2311 bominioo
1587 2268 1653 2325 pce·

864 2333 1034 2397 crameriam
1041 2334 1092 2391 boc
1099 2335 1164 2392 dixit
1176 2356 1183 2393 :
1196 2337 1251 2394 Nos
1261 2339 1399 2413 diiiginras,
1406 2343 1465 2414 quio
1472 2345 1527 2415 ipae
1534 2347 1603 2416 prior
1610 2348 1652 2403 di-

865 2422 927 2479 ieait
937 2441 983 2481 noa
996 2425 1006 2500 (
1018 2425 1028 2480 l
1040 2425 1117 2483 Joan.
1132 2446 1170 2495 tv,
1183 2430 1216 2487 lb
1226 2430 1246 2503 ).
1263 2431 1373 2489 linitum
1387 2436 1458 2491 enim
1473 2436 1583 2512 dederat
1602 2439 1652 2495 bo·

865 2514 950 2583 mini,
970 2517 1185 2588 quandoquidem
1209 2522 1242 2578 de
1262 2523 1318 2579 beo
1339 2524 1504 2597 loquebatur,
1526 2528 1652 2597 dicendo,

865 2603 922 2660 Nos
934 2606 1071 2680 diligimus.
1085 2609 1153 2679 Qui?
1163 2614 1261 2683 quemi
1274 2614 1401 2674 llomines
1414 2618 1507 2686 ileum,
1525 2621 1657 2678 mortales-

864 2695 1059 2769 immortalem,
1083 2711 1236 2771 peccatores
1256 2706 1375 2778 justum,
1398 2707 1507 2783 fragiles
1527 2713 1652 2770 immobi-

864 2789 934 2856 lem,
952 2789 1052 2848 iactura
1073 2793 1187 2870 labrum.
1206 2796 1261 2852 Nos
1277 2799 1439 2859 dileximus¹
1453 2821 1461 2859 r
1476 2812 1504 2860 et
1517 2803 1568 2861 boc
1582 2806 1653 2862 undo

864 2879 958 2936 nobis?
974 2881 1042 2950 Quia
1052 2884 1107 2956 ipse
1120 2887 1190 2957 prior
1206 2887 1295 2944 ditexit
1312 2907 1367 2947 nos.
1389 2891 1485 2963 Quaere
1506 2895 1576 2952 unde
1597 2896 1651 2953 bo·

863 2973 929 3030 mirri
942 2974 1052 3048 diligere
1066 2977 1149 3034 beon
1162 2998 1169 3034 :
1183 2996 1234 3037 nec
1247 2983 1366 3042 invenies
1379 2987 1505 3056 omnino,
1527 2990 1578 3047 nisi
1589 2992 1652 3062 quit

864 3063 938 3134 prior
947 3065 1021 3122 iliom
1035 3065 1127 3124 dilexit
1142 3070 1222 3128 [leurs.
1237 3073 1314 3131 Dedit
1325 3091 1355 3132 se
1368 3077 1454 3149 ipsum
1466 3096 1545 3152 quem
1555 3081 1651 3139 dilexi·

863 3170 923 3213 mus
935 3174 941 3211 :
955 3156 1029 3215 dedit
1041 3159 1112 3217 uude
1124 3160 1303 3234 diligeremus.
1317 3166 1386 3237 Quid
1396 3170 1468 3225 enim
1483 3170 1567 3240 dedit,
1579 3173 1655 3229 unde

863 3245 1042 3320 diligeremus,
1057 3253 1175 3322 apertius
1188 3256 1277 3313 audito
1290 3273 1338 3330 per
1352 3262 1501 3331 apostolum
1515 3263 1626 3320 Paulum
1642 3282 1650 3319 :

862 3336 990 3408 Claritas,
1011 3339 1106 3413 inquit,
1125 3342 1173 3398 bei
1191 3344 1285 3414 diffusa
1308 3357 1344 3404 et
1362 3351 1390 3407 in
1410 3353 1526 3410 cordibus
1547 3356 1652 3410 nostris.

863 3427 958 3485 Undci
969 3445 1033 3487 num
1045 3430 1115 3489 iorte
1127 3449 1142 3490 a
1154 3435 1247 3492 nobis?
1258 3436 1328 3496 Non.
1341 3441 1411 3512 Ergo
1424 3443 1510 3500 undet
1522 3442 1575 3502 Per
1586 3447 1651 3519 spi-

862 3519 939 3573 ritam
949 3530 1065 3578 eoactum
1077 3525 1121 3595 gai
1135 3524 1209 3581 dotus
1222 3538 1258 3585 ert
1270 3530 1340 3587 nobis
1353 3533 1441 3603 (Rom.
1450 3551 1478 3600 u,
1492 3535 1541 3608 b).

897 3611 1009 3671 CAPUT
1029 3614 1060 3670 lt.
1073 3645 1109 3657 —
1121 3618 1149 3674 5.
1161 3618 1281 3677 rimamus
1293 3621 1376 3681 Deum
1387 3626 1419 3681 de
1432 3626 1496 3684 Deo.
1506 3628 1584 3685 ldoin
1593 3647 1651 3687 ror·

863 3704 1058 3763 diallabeotes
1083 3723 1147 3780 ergo
1170 3719 1270 3769 tantam
1290 3713 1553 3784 dduciamamemus
1565 3720 1651 3778 ileum

861 3792 896 3850 de
907 3795 981 3851 lieo:
996 3795 1049 3852 imo
1061 3798 1121 3868 quia
1134 3798 1247 3870 Spiritus
1260 3815 1368 3862 sanctus
1382 3807 1452 3865 beus
1465 3818 1517 3879 εει,
1528 3826 1651 3868 antemos

861 3883 946 3940 Deum
958 3884 993 3942 dc
1004 3886 1069 3943 ileo.
1080 3888 1149 3957 Quid
1162 3891 1233 3948 enim
1244 3893 1302 3964 plus
1314 3895 1416 3966 dicam;
1432 3915 1553 3959 amemus
1565 3902 1651 3960 ileum

860 3972 894 4030 de
908 3975 983 4032 [ieci
996 3975 1074 4034 Certe
1093 3980 1155 4051 quia
1166 3980 1238 4050 dixi,
1252 3984 1370 4042 Citaritaa
1388 3987 1438 4044 bei
1451 3989 1546 4058 diffuse
1566 4002 1601 4049 ert
1619 3995 1648 4050 bt

860 4064 976 4121 cordibus
987 4068 1080 4125 uostris
1092 4087 1137 4140 per
1149 4070 1274 4144 Spiritum
1286 4085 1400 4133 mactum
1411 4081 1454 4150 qui
1466 4081 1540 4138 datus
1551 4093 1588 4138 est
1599 4101 1650 4139 aa·

860 4154 916 4221 tin·
936 4155 997 4213 ideo
1019 4168 1062 4215 est
1082 4174 1249 4234 consequeus
1269 4175 1298 4223 ut
1320 4168 1381 4239 quia
1403 4171 1518 4241 Spiritus
1540 4184 1649 4233 sancus

860 4245 932 4304 Deus
945 4258 996 4316 est,
1009 4266 1060 4307 uec
1070 4251 1182 4326 diligere
1193 4271 1335 4328 possumus
1349 4261 1442 4331 boum
1461 4264 1511 4321 nisi
1529 4282 1578 4338 per
1588 4265 1649 4338 Spi-

859 4338 939 4395 ritum
952 4355 1084 4413 anetum,
1099 4360 1220 4405 amemus
1231 4349 1314 4407 Deum
1325 4350 1359 4408 de
1373 4354 1517 4414 benninc
1531 4368 1651 4432 esterno

859 4445 1036 4504 consequens.
1050 4437 1147 4493 Audite
1168 4441 1284 4511 apertius
1306 4443 1392 4514 ipsum
1410 4447 1541 4505 loannem
1555 4467 1563 4505 :
1579 4450 1648 4511 Data

858 4523 969 4580 ciamus
980 4534 1033 4594 ert,·
1046 4536 1071 4583 et
1080 4529 1125 4600 pari
1138 4539 1220 4586 manet
1229 4531 1257 4587 in
1269 4532 1400 4605 claritate,
1412 4536 1440 4593 in
1451 4536 1506 4594 ben
1517 4549 1610 4606 mand,
1622 4551 1648 4597 ct

858 4613 929 4669 Deua
942 4615 969 4670 in
980 4615 1026 4671 iiio
1040 4626 1124 4673 monn
1137 4622 1146 4692 (
1157 4618 1168 4676 l
1179 4619 1258 4677 loun.
1274 4639 1311 4693 tr,
1327 4624 1355 4695 8,
1372 4626 1427 4699 iti).
1439 4629 1536 4687 Parum
1549 4640 1591 4688 est
1603 4631 1646 4688 di-

859 4718 931 4774 cere,
944 4704 1068 4765 Charitas
1080 4724 1112 4766 ει
1126 4710 1182 4768 lico
1196 4722 1247 4769 est.
1267 4712 1332 4783 Quis
1351 4727 1471 4773 nostrum
1483 4718 1593 4776 auderet
1604 4720 1647 4777 di·

858 4809 920 4851 cere
932 4796 1003 4868 quod
1015 4796 1115 4855 dimum
1127 4809 1179 4865 est,
1190 4800 1259 4859 Draus
1273 4805 1383 4863 ebaritas
1395 4810 1452 4864 est?
1462 4810 1531 4865 birit
1542 4811 1587 4881 qui
1598 4828 1647 4869 no·

858 4896 933 4943 verat
946 4888 1017 4960 quod
1030 4889 1155 4948 babebat.
1169 4893 1237 4962 Quid
1251 4910 1315 4968 ergo
1327 4896 1441 4954 lrumana
1456 4900 1608 4970 imaginatio
1619 4913 1647 4959 et

858 4977 972 5036 solades
993 4980 1119 5050 cogitatio
1138 4982 1213 5055 lingit
1233 4985 1284 5041 sibi
1302 4987 1404 5053 boum,
1421 4999 1448 5044 et
1462 4991 1488 5044 in
1503 4995 1583 5046 corde
1597 5006 1646 5047 sun

858 5065 970 5125 fabricat
991 5070 1104 5139 idolum,
1121 5087 1284 5146 componens
1298 5079 1403 5149 qualem
1418 5088 1506 5149 potest
1518 5082 1644 5152 cogitare,

859 5174 912 5213 raon
927 5159 1032 5229 qualem
1049 5163 1147 5219 meruit
1162 5165 1297 5222 inuenire?
1316 5168 1387 5225 Talis
1407 5180 1449 5225 est
1469 5170 1555 5227 Deus?
1568 5172 1647 5244 lion,

859 5247 907 5305 sed
921 5249 980 5304 talis
992 5260 1043 5307 est.
1064 5252 1133 5321 putu
1154 5254 1314 5312 lineamenta
1329 5258 1466 5328 disponis?
1479 5260 1542 5332 quid
1561 5262 1648 5322 mem&

859 5338 906 5394 bra
920 5341 1077 5411 componis?
1090 5343 1153 5415 quid
1166 5355 1296 5403 staturam
1310 5350 1433 5420 placitam
1449 5351 1568 5411 iormasi
1583 5357 1648 5427 quid

861 5429 1083 5501 pulchritudinem
1094 5436 1214 5504 corporis
1225 5437 1472 5510 imag'grarisllicus
1481 5444 1591 5502 ebaritas
1599 5457 1647 5502 est.

860 5521 924 5588 Quis
936 5522 1056 5579 colorest
1068 5524 1095 5579 in
1107 5525 1253 5583 charitate?
1265 5547 1323 5601 epure
1335 5531 1512 5591 lineamenta?
1522 5554 1580 5615 quar
1592 5538 1642 5594 ior·

861 5611 921 5668 mai
931 5611 1002 5670 ilibil
1014 5613 1109 5671 borum
1120 5617 1257 5686 videnum
1269 5632 1395 5683 ettamen
1409 5642 1539 5685 amanum.

891 5723 1193 5794 “protendentium
1224 5738 1254 5782 ιι.
