3728 6276
204 190 287 264 *¹³⁸⁷
834 181 862 237 s.
884 181 1064 239 aucttsrrm
1086 181 1235 239 tzersrrort
1776 192 1839 251 ⁴esar

190 363 192 368 ,
217 305 322 374 signum
346 299 498 372 pendesrtis)
511 316 520 354 a
535 296 650 370 quaudo>
662 310 725 368 erqo
748 295 792 350 ille
817 293 948 364 pendebat
975 294 1002 348 iu
1056 293 1117 348 dent
1135 293 1253 359 lucrum,
1273 294 1366 351 enimoe
1382 306 1465 351 emen
1478 312 1534 352 ιιιι
1545 294 1725 355 mennon
1735 304 1841 372 petiam

193 449 197 461 ,
216 410 296 451 cruce
306 411 314 460 ;
326 395 465 450 saevientes
485 389 730 459 circumspiciebat,
751 386 907 443 insultantes
932 385 1002 440 lere·
1055 384 1161 444 iliatti.
1179 400 1222 441 xm
1232 426 1239 449 .
1251 383 1316 458 idi?
1329 385 1380 455 Qui
1390 395 1477 442 autem
1489 402 1542 444 non
1555 404 1651 460 pessus
1663 390 1747 448 luerit
1762 393 1839 451 detri-

216 487 276 551 ltat,
292 501 341 557 pro
354 485 466 540 inimicis
479 483 582 539 orabat.
596 480 714 537 lledicut
731 479 811 534 etiam
823 493 884 534 cum
898 476 1004 533 cocide-
1053 486 1173 530 mentum
1185 475 1281 530 anime
1294 491 1349 531 suae
1361 516 1370 544 ,
1386 477 1443 548 ipse
1453 479 1575 549 regnabit
1588 495 1639 550 pro
1650 480 1771 538 Christe.
1780 484 1839 552 uun

213 588 298 643 reurr,
313 592 364 632 suo
382 574 510 645 sauguine
532 581 646 646 egrotos
669 572 790 628 sanabat.
815 570 886 626 Dixit
909 569 1000 626 enim:
1054 579 1142 624 autem
1155 570 1182 625 in
1196 569 1249 626 lroc
1260 569 1360 625 mando
1372 576 1601 642 requatsecums?
1613 573 1668 630 Fac
1678 576 1744 646 quia
1754 587 1840 649 reqtet

214 670 416 741 Peter,iqnesce
434 668 502 735 iilis,
515 667 574 738 quie
592 665 705 721 amicat
724 664 786 734 qnid
806 663 904 736 {aciem
925 661 1000 735 (Luc.
1053 661 1313 733 securus3numqnid
1325 670 1419 733 regnat
1430 663 1566 719 aeternus?

215 779 297 831 xxttt,
310 762 367 832 st).
382 760 436 817 Nec
449 761 499 816 ista
512 774 562 814 ros
575 772 656 814 vacua
673 756 715 812 cel
734 756 820 811 inanis
841 755 900 811 luit.
914 755 949 811 Et
968 771 1001 811 cx
1089 749 1115 806 6.
1137 749 1266 806 lnrtnerito
1279 751 1355 806 ritem
1372 751 1448 806 irtam
1457 753 1494 808 tic
1505 754 1597 808 emori.
1613 752 1682 812 illud
1695 755 1837 825 advertite,

214 852 279 923 ipsis
294 863 385 924 postea
405 850 487 906 millia
501 847 670 905 crediderunt
684 847 711 902 in
729 862 790 902 eurn
803 860 882 916 quem
896 844 1002 901 occide·
1052 841 1122 912 quod
1135 842 1333 912 proponebam,
1353 843 1445 913 quales
1465 852 1599 900 amatores
1613 843 1715 904 habeat
1727 863 1839 918 praees

213 950 290 1011 rant,
304 950 335 998 ut
346 941 480 998 discerent
491 938 544 1008 pati
564 953 611 1008 pro
634 937 709 1008 ipso,
723 936 769 1008 qul
789 950 838 1006 pro
855 934 919 1006 ipsis
931 934 1001 990 stab
1052 932 1122 997 rita,
1144 933 1296 1002 temporalis
1309 932 1380 998 rita,
1395 932 1482 988 brevis
1494 934 1563 1001 rita,
1577 933 1651 992 lusda
1670 937 1741 1004 vita,
1753 940 1838 1015 quales

213 1032 278 1105 rpsis
291 1046 384 1102 passus
397 1037 447 1086 est.
1053 1023 1148 1079 habeat
1161 1033 1302 1080 amatores.
1322 1025 1366 1081 Fit
1386 1025 1541 1095 plexumque
1553 1025 1637 1084 homo
1651 1038 1763 1100 propter
1775 1030 1838 1088 hauc

225 1165 229 1187 ,
250 1120 362 1178 elcut
381 1119 413 1173 ll.
433 1148 470 1159 -
483 1117 550 1172 ilinc
568 1131 633 1186 erqo
654 1115 818 1187 intelligitur,
839 1114 1002 1182 iratres,als
1036 1114 1132 1174 ,sitam
1153 1115 1254 1180 nudus,
1266 1116 1411 1171 mendicus.
1423 1115 1528 1183 Quaeris
1539 1117 1574 1174 alt
1585 1134 1619 1174 eo
1631 1121 1736 1190 quare?
1747 1122 1790 1180 Sic
1803 1139 1837 1180 re·

210 1212 366 1283 istosiquo,
380 1210 415 1265 alr
427 1209 478 1264 isto
491 1209 659 1274 charactere,
672 1221 751 1277 quem
764 1205 859 1277 accipit
870 1204 1001 1262 Christia-
1052 1206 1171 1276 spondet,
1186 1225 1193 1260 z
1217 1207 1251 1264 llt
1276 1213 1402 1264 viverem.
1417 1209 1484 1277 Quid
1505 1213 1612 1280 amasti,
1627 1213 1735 1284 etquid
1750 1229 1835 1272 amant

213 1316 283 1368 nris,
298 1310 377 1356 cttam
401 1315 461 1355 cum
481 1297 511 1352 ιιι
531 1297 756 1359 catechumenus:
773 1296 834 1351 irinc
846 1294 1002 1367 intelligitur
1052 1308 1104 1365 quo
1118 1299 1257 1366 pervenisti
1272 1297 1284 1352 i
1306 1297 1369 1368 qnid
1382 1299 1499 1354 dicturus
1517 1313 1559 1365 es,
1574 1302 1648 1356 male
1668 1312 1766 1360 arnatoe
1783 1320 1836 1374 per·

213 1407 296 1464 quare
306 1405 398 1446 murus
408 1388 563 1453 Christiani,
577 1387 638 1459 quia
657 1403 708 1443 non
724 1399 831 1458 propter
846 1388 1000 1458 temporalia

212 1493 241 1538 ct
261 1481 441 1547 transeuntia,
455 1480 498 1535 rel
518 1479 605 1546 bona,
619 1479 659 1534 rel
671 1478 757 1543 mala,
772 1478 819 1534 sed
839 1486 946 1550 propter
959 1480 999 1532 vi-

194 1562 292 1639 tanda
312 1571 382 1626 male
403 1586 463 1641 qum
485 1584 538 1624 non
562 1568 727 1634 transiliunt,
740 1578 768 1622 et
789 1579 895 1638 propter
914 1568 999 1639 adipi·

210 1661 310 1718 secuda
322 1660 391 1715 bona
405 1675 465 1730 quse
478 1659 618 1714 terminum
632 1674 686 1712 non
702 1656 846 1713 habebunt.

247 1749 359 1808 CAPUT
373 1749 418 1806 tt.
430 1780 466 1790 -
477 1751 504 1806 l.
524 1747 582 1804 tite
598 1747 743 1819 temporalis
760 1749 866 1802 multum
876 1748 999 1820 diiiqt'tur,·

211 1860 263 1899 tren
281 1843 318 1897 sic
336 1843 387 1897 tite
406 1851 510 1897 ceterae.
531 1839 738 1905 Verumtamen,
754 1848 783 1895 ut
803 1839 891 1895 dicore
909 1855 1000 1910 coepc·

211 1949 286 2002 ram,
301 1932 414 2001 iratres,
438 1931 508 2003 quod
531 1931 738 1997 admonueram,
763 1930 833 2000 quod
856 1945 1000 2001 proposue-

211 2039 286 2089 ram..
309 2023 421 2080 obsecro
442 2037 507 2087 ros,
520 2019 704 2086 attendamus,
719 2020 851 2091 quomodo
877 2020 1000 2092 diligatur

211 2117 266 2171 rita
275 2116 325 2171 ista
333 2114 484 2191 temporalis
494 2112 774 2177 abarna.oriltussrrls;
783 2113 808 2167 in
819 2128 897 2183 quarn
905 2128 999 2183 magno

211 2210 308 2264 timore
321 2217 382 2262 sunt
396 2207 535 2268 hormines,
551 2220 585 2261 ne
595 2205 743 2260 moriantur
754 2204 885 2259 morituri.
900 2203 999 2259 Videas

210 2300 489 2364 hominem-tremere,
502 2296 608 2367 luqero,
622 2298 736 2352 latebras
756 2312 892 2368 quaerere,
908 2295 1000 2351 delen-

192 2391 302 2457 ¹siones
321 2388 587 2458 arrcupar·i..roqare,
606 2386 745 2456 presulem
767 2385 790 2440 si
815 2385 871 2440 lieri
895 2393 997 2454 potest,

1052 1400 1128 1441 resse
1151 1396 1253 1443 amator
1274 1389 1286 1443 2
1309 1389 1372 1459 quid
1396 1388 1515 1446 dicturus
1533 1405 1564 1446 es
1586 1391 1652 1447 lruic
1668 1403 1766 1450 amate
1783 1397 1835 1452 rita

1052 1483 1104 1531 rus
1118 1476 1130 1531 ι
1142 1478 1198 1543 ore,
1213 1479 1359 1549 alloquere,
1379 1479 1509 1549 sunone,
1527 1481 1551 1537 ιι
1566 1467 1660 1552 pne
1676 1482 1746 1551 oure
1758 1485 1835 1541 aree

1051 1581 1097 1622 rus
1109 1583 1140 1624 es
1159 1569 1171 1623 i
1192 1568 1232 1624 tld
1255 1570 1332 1625 islant
1352 1569 1499 1626 nuditatem
1522 1587 1566 1628 me
1586 1572 1713 1644 perduxit
1726 1575 1834 1645 polclrri·

1050 1659 1115 1714 tudo
1127 1669 1179 1716 tna.
1195 1662 1297 1718 clamat
1309 1661 1368 1729 tibi,
1389 1661 1470 1718 Foeda
1490 1677 1562 1729 sum,
1578 1671 1609 1720 et
1627 1673 1655 1719 tu
1668 1679 1744 1721 arnas
1755 1667 1767 1720 l
1780 1666 1834 1721 Cle·

1050 1751 1200 1814 mutilum
1219 1767 1289 1819 sum,
1302 1761 1330 1809 et
1342 1759 1370 1807 ιιι
1387 1752 1557 1824 amplecteris
1567 1752 1582 1808 l
1594 1755 1711 1824 Clamat,
1726 1755 1832 1812 Volatira

1051 1853 1119 1904 sunt,
1132 1850 1159 1896 et
1168 1849 1200 1896 tn
1213 1843 1289 1912 sequi
1306 1844 1411 1898 corrasis
1424 1843 1437 1898 ι
1448 1844 1519 1902 Ecce
1528 1845 1676 1915 respondet
1686 1846 1734 1902 tibi
1756 1858 1831 1902 ernau

1051 1942 1106 1999 tua,
1121 1932 1178 1988 lion
1192 1942 1280 1988 tecum
1300 1933 1376 1988 stairo
1397 1950 1405 1989 ι
1426 1934 1476 1991 etsi
1498 1943 1587 1993 tecum
1599 1936 1765 2006 aliquantum
1783 1953 1829 2000 cm,

1050 2038 1104 2079 non
1119 2033 1204 2080 tecum
1219 2025 1396 2096 permanebo.
1409 2025 1515 2082 Nudare
1536 2035 1563 2082 te
1584 2028 1672 2097 potui,
1687 2028 1767 2084 bears
1787 2044 1830 2083 nos

1051 2115 1134 2185 potui.
1516 2140 1519 2149 ·

1085 2202 1197 2261 CAPUT
1208 2204 1275 2261 lllll.
1289 2235 1326 2246 —
1338 2206 1366 2261 l.
1383 2205 1544 2262 emerem
1558 2207 1628 2262 um
1642 2217 1698 2275 est:
1711 2210 1762 2263 ritu
1775 2226 1829 2280 pre·

1050 2313 1117 2363 sens,
1131 2313 1219 2367 tepor.
1234 2299 1303 2369 Ergo
1313 2301 1447 2371 »quoniam
1457 2279 1605 2357 'Christiani
1619 2317 1732 2367 sumus,
1745 2305 1830 2376 impin·

1050 2397 1109 2445 rato
1127 2389 1261 2458 adjutorio
1275 2390 1379 2447 Domini
1386 2391 1439 2448 uei
1451 2393 1536 2448 nostri
1550 2393 1683 2450 adversm
1702 2394 1831 2450 blanditias

210 2480 338 2551 quidquid
351 2479 439 2545 lrabct,
451 2478 569 2545 dare-ut
578 2479 630 2533 rita
643 2477 765 2542 donetur,
777 2486 806 2532 ut
818 2491 872 2533 uno
884 2477 927 2532 die
939 2477 1000 2547 plus
1051 2478 1120 2534 male
1147 2489 1256 2546 auratae,
1276 2495 1397 2538 amemus
1418 2482 1488 2538 illius
1511 2482 1739 2553 pulchritudinem
1762 2487 1829 2552 rite,

210 2573 324 2637 vivatur,
336 2579 366 2624 ut
379 2580 443 2626 aetas
456 2569 557 2624 incerta
567 2583 673 2639 semper
682 2568 816 2639 aliquanto
828 2568 927 2623 diutius
938 2582 1000 2639 pro·
1048 2583 1129 2640 quam
1143 2586 1194 2628 nec
1207 2573 1300 2628 oculus
1317 2574 1396 2642 vidit,
1411 2589 1460 2630 ncc
1471 2576 1545 2630 auris
1556 2576 1676 2644 audivit,
1691 2593 1742 2634 uec
1755 2578 1780 2633 in
1793 2593 1831 2635 ear

209 2665 342 2720 tendatur.
354 2663 437 2718 'lanta
451 2661 678 2718 iaciuntlrunrines
689 2678 696 2715 r
708 2661 768 2732 quis
777 2661 830 2717 tale
839 2659 938 2732 aliquid
950 2675 999 2733 pro
1049 2656 1167 2738 hominis
1178 2662 1307 2717 ascendit.
1320 2661 1392 2717 llanc
1401 2663 1472 2719 enim
1484 2666 1723 2734 praepanvttueus
1732 2666 1831 2739 diligen·

207 2755 263 2811 ”itu
277 2754 395 2813 aeternai
410 2754 582 2826 alloquamur
600 2762 747 2808 amatorem
766 2751 998 2828 praesentissime
1045 2753 1120 2810 tibus
1132 2769 1162 2807 sc
1179 2751 1199 2825 (1
1213 2752 1271 2807 ιὀι.
1283 2769 1313 2821 ιι,
1325 2754 1370 2825 dir
1384 2763 1412 2811 et
1428 2755 1483 2826 ipsa
1498 2756 1551 2811 rita
1567 2756 1624 2827 ipse
1638 2757 1711 2813 uem
1723 2769 1772 2814 est.
1788 2761 1830 2815 ie

206 2847 278 2914 Quid
291 2847 369 2916 aqisl
380 2845 442 2916 quid
458 2843 586 2899 lestinasl
598 2843 661 2915 quid
684 2842 820 2915 trepidas?
834 2844 897 2916 quid
910 2843 998 2916 lupis?
1049 2843 1198 2911 clamastis,
1211 2845 1373 2914 suspirastis.
1395 2846 1522 2900 Amemus
1535 2847 1605 2902 lrauc
1623 2846 1740 2904 fortiter.
1756 2850 1829 2905 Donet

208 2937 272 3010 quid
285 2937 399 2993 latebrae
417 2933 580 3007 qnaerisl'lit
597 2935 698 3000 viram,
714 2934 806 3005 inquit.
823 2934 944 2991 Certent
957 2938 997 2990 ri·
1050 2935 1179 2992 llominus
1192 2947 1359 2994 utamcmns.
1371 2936 1410 2993 lili
1421 2937 1551 3008 lacrumae
1565 2955 1614 3010 pro
1626 2941 1678 2998 lrac
1690 2960 1744 2999 non
1753 2944 1827 3000 soluo

209 3029 275 3086 rati
288 3029 322 3086 Ut
335 3029 408 3084 siras
429 3041 537 3097 semper
554 3025 690 3082 victurus?
700 3026 769 3082 Non.
784 3026 841 3082 Non
853 3042 916 3099 erqo
927 3043 998 3083 rnor-
1047 3026 1229 3096 adipiscenda,
1241 3026 1288 3083 sed
1300 3028 1380 3083 etiam
1394 3027 1525 3099 diligenda
1539 3028 1694 3088 fundamus.
1705 3032 1828 3102 Quidmo

188 3099 191 3106 ¹
210 3128 265 3175 tem
278 3128 376 3190 satagis
393 3116 575 3177 aulerrc.scd
589 3115 704 3173 differre.
720 3116 770 3182 Qui
791 3125 862 3171 tanta
880 3118 953 3188 agis,
970 3129 999 3174 ut
1049 3118 1129 3172 nitori
1149 3132 1261 3185 sumus,
1274 3118 1337 3189 quid
1361 3117 1588 3177 demonstraturi?
1601 3120 1736 3194 Numquid
1757 3124 1826 3180 libros

188 3275 191 3279 ⁸
208 3208 288 3269 rraulo
301 3209 387 3264 serius
398 3206 729 3278 moriens,sqe-allquid.,
746 3216 774 3261 ut
788 3222 921 3277 nunquam
940 3223 998 3264 mo
1049 3211 1202 3276 recitamus,
1216 3217 1245 3264 ut
1255 3210 1425 3266 ostendamus
1434 3224 1512 3280 quam
1525 3211 1560 3265 sit
1575 3212 1624 3266 ism
1637 3214 1749 3281 incerta,
1758 3231 1823 3287 qmm

209 3297 295 3353 riarls.
1048 3300 1208 3366 transitoria,
1226 3316 1303 3370 quam
1318 3315 1386 3372 pene
1400 3301 1480 3365 nulla,
1504 3317 1584 3372 quarn
1604 3318 1700 3362 rerrtm
1723 3310 1755 3362 sit
1767 3307 1824 3377 qud

232 3390 270 3448 5.
291 3387 441 3444 Necemuria
463 3387 507 3441 dot
526 3385 616 3453 ioum,
630 3395 657 3439 ut
676 3386 716 3441 iric
731 3386 830 3441 dictitas
851 3385 889 3441 uei
907 3388 996 3443 misere
1047 3391 1174 3450 scriutum
1187 3399 1238 3455 est,
1255 3391 1319 3456 Qec
1332 3392 1397 3444 enim
1411 3401 1447 3446 est
1462 3393 1514 3445 ritu
1536 3395 1640 3448 uestra?
1658 3394 1743 3468 Vuper
1759 3398 1824 3451 estred

205 3483 289 3550 aium,
303 3483 407 3536 rtondet
428 3481 572 3552 superflue,
592 3489 620 3534 at
639 3479 666 3533 in
679 3490 801 3534 oetmrrum
823 3496 879 3533 cunr
898 3480 996 3536 Cirristo
1048 3482 1173 3535 eradicem
1192 3496 1340 3554 appaream
1362 3480 1481 3552 deinceps
1501 3486 1713 3540 exterminabitur
1732 3487 1819 3558 (lamii

202 3566 301 3646 reparet.
325 3571 408 3641 Quam
432 3570 530 3625 multos
553 3569 704 3625 invenimus
724 3569 769 3640 qui
791 3568 895 3636 dicant,
909 3569 997 3625 Tollat
1049 3585 1086 3637 rr,
1102 3570 1157 3641 lli).
1170 3569 1282 3626 licebat
1306 3571 1439 3637 horinon
1453 3585 1495 3628 esc
1510 3572 1610 3631 lrodie:
1626 3577 1707 3645 pando
1718 3589 1777 3632 arrte
1792 3578 1822 3629 ai·

204 3665 288 3721 ilscus
307 3678 350 3718 res
363 3675 451 3730 meas,
465 3670 493 3716 ut
507 3659 592 3714 serius
606 3660 704 3715 moriar
718 3677 724 3713 :
739 3675 818 3730 quam
840 3674 901 3714 raro
921 3659 996 3715 inve·
1045 3659 1170 3728 debatur,
1186 3663 1265 3717 modo
1276 3677 1334 3717 nou
1346 3670 1388 3718 cst
1411 3663 1455 3734 qui
1467 3663 1619 3720 videbatur.
1636 3667 1823 3724 Deducitnrlm·

190 3732 191 3737 ἵ
206 3755 295 3809 ninius
309 3751 453 3825 quidicat,
468 3749 555 3806 Tollat
575 3747 697 3806 Christus
715 3765 759 3805 ros
778 3765 867 3814 meas,
879 3759 908 3804 ut
929 3766 996 3804 nnn·
1048 3766 1092 3808 mo
1107 3751 1139 3806 ad
1151 3753 1300 3822 sepulcrum
1315 3771 1322 3806 :
1336 3756 1447 3808 redeunt
1458 3753 1556 3818 tristes,
1571 3756 1627 3810 cito
1639 3758 1822 3815 oliliriscemss.

206 3860 286 3915 quam
300 3844 408 3899 moriar.
424 3842 457 3898 Et
471 3851 559 3898 molen
570 3883 578 3909 ,
591 3857 608 3898 o
621 3851 723 3896 amator
744 3841 899 3910 temporalis
916 3841 993 3908 ritae,
1048 3842 1150 3898 Dicitur
1161 3859 1239 3915 quam
1251 3843 1316 3898 nihil
1329 3853 1370 3898 est
1380 3843 1460 3900 homo
1472 3863 1482 3899 ε
1495 3853 1522 3900 et
1533 3845 1585 3901 lroc
1597 3847 1664 3904 dicit
1675 3848 1734 3920 ipse
1745 3851 1821 3907 ionio:

207 3939 231 3995 ei
253 3938 327 3993 tollat
347 3936 442 4001 llscus,
463 3946 490 3991 te
504 3935 599 4006 spoliat
617 3936 642 3989 in
662 3934 714 3990 lroc
735 3933 847 3997 sacculo,
870 3934 892 3987 si
920 3934 996 3988 tollat
1047 3943 1076 3990 et
1087 3949 1139 3989 uon
1154 3933 1265 4006 corrigit
1277 3949 1306 3990 se
1321 3935 1411 3998 honio,
1423 3944 1452 3991 ut
1465 3952 1516 3992 non
1530 3937 1610 4006 nihil,
1629 3940 1681 3997 sed
1696 3942 1786 4015 aliquid
1797 3944 1824 3996 sit

203 4027 346 4094 Clrristus,
361 4026 408 4081 libi
429 4035 518 4081 serrat
538 4026 563 4079 in
585 4024 664 4080 coelo.
688 4025 799 4094 l‘ropter
819 4023 888 4079 hanc
913 4025 994 4079 vitam
1047 4023 1138 4080 lromo.
1152 4024 1235 4095 liuius
1247 4040 1310 4095 erqo
1323 4036 1455 4082 amatores
1468 4038 1603 4100 martyres
1615 4031 1737 4100 luerunt,
1752 4045 1775 4092 et
1787 4035 1824 4088 lu·

203 4119 300 4173 solunt
314 4117 412 4172 lrabere
424 4116 546 4173 hondrree
558 4114 629 4170 unde
646 4114 752 4180 rimnt,
766 4122 793 4168 et
805 4124 914 4185 propter
926 4114 995 4169 lianc
1044 4113 1089 4185 jus
1102 4116 1163 4169 vitm
1175 4116 1351 4186 acquisitores
1368 4127 1440 4172 sunt.
1464 4117 1567 4174 liabent
1581 4121 1656 4191 quod
1674 4131 1823 4186 amaverunt

206 4208 299 4265 nolunt
316 4207 381 4262 dare
393 4206 463 4263 unde
475 4206 575 4261 vivant.
595 4203 671 4273 Quod
694 4203 740 4257 tibi
760 4215 850 4257 serras
871 4202 940 4258 unde
953 4203 993 4256 ri·
1048 4204 1156 4260 uberius
1169 4203 1304 4261 habebunt
1317 4206 1344 4262 in
1361 4208 1556 4265 resurrectione
1580 4220 1762 4270 mortuorum.
1781 4213 1825 4268 llos

206 4312 255 4354 ras
264 4296 337 4363 ,lroc
350 4296 398 4351 das
412 4305 442 4351 ut
460 4293 633 4362 rivas,.lorte
651 4292 720 4348 tanne
731 4291 892 4349 deiecturus.
906 4295 993 4349 lit-ta·
1046 4309 1111 4366 erqo
1124 4295 1367 4367 itcrnolrismaqnis
1379 4298 1433 4352 suis
1446 4297 1614 4366 passionibus
1624 4313 1824 4360 constraverunt

204 4405 269 4446 men
288 4388 355 4444 dicis
368 4404 375 4442 :
387 4387 487 4451 Tollat,
501 4381 609 4457 quid'ad
622 4400 667 4453 me
672 4384 685 4439 ι
696 4383 844 4438 liendicare
857 4384 916 4441 rolo
927 4383 994 4466 „lias
1082 4384 1195 4443 CAPUT
1209 4384 1254 4441 lli.
1264 4417 1297 4428 -
1307 4387 1333 4442 8.
1345 4385 1495 4442 dementius
1506 4405 1566 4457 oper
1583 4389 1712 4449 Ecclesiae
1721 4394 1828 4466 qemmti

206 4480 278 4537 unde
291 4479 373 4546 viris,
389 4477 540 4534 mendicare
554 4475 662 4547 paratrr‘s
675 4486 704 4531 ut
715 4478 797 4530 tiras.
817 4475 927 4532 Paratus
947 4493 992 4544 cs,
1046 4494 1089 4532 eas
1100 4478 1251 4548 necestuosi
1264 4478 1348 4547 quales
1363 4478 1469 4548 prefert.
1483 4479 1598 4535 Sanctus
1617 4481 1779 4540 laurentius
1793 4499 1828 4538 sr-

205 4574 275 4631 datis
284 4573 369 4629 etlam
386 4570 557 4636 necessariis,
570 4568 722 4625 mendicare
737 4569 763 4623 in
776 4566 828 4624 lroc
839 4568 952 4637 mundo;
965 4580 995 4626 et
1046 4565 1218 4622 chidiaconus
1232 4565 1374 4637 luitNOpcs
1391 4559 1520 4623 Ecclesiae
1532 4569 1566 4624 alr
1577 4570 1653 4626 llloa
1669 4585 1829 4643 per-semme

190 4662 260 4719 'nun
285 4676 315 4718 ce
340 4671 464 4733 paratus,
481 4661 598 4731 erogatis
622 4658 778 4730 superfluis,
799 4674 910 4729 regnare
932 4675 993 4715 cum
1045 4656 1243 4723 quaerebantur,
1254 4657 1321 4712 sicut
1342 4657 1553 4724 traditur;unde
1568 4668 1626 4715 tam
1639 4665 1726 4720 multa
1746 4677 1829 4737 passus

207 4753 333 4809 Clrristol
1045 4747 1829 4822 est,quaehorreataudrri.imposituscraticulae,ourudtet

241 4843 354 4900 CAPUT
374 4843 431 4898 vlt.
445 4873 480 4884 -
494 4842 726 4915 Rogo,appende.
740 4842 772 4899 Si
794 4844 880 4914 aliqua
895 4853 992 4900 statera
1046 4841 1172 4897 membris
1189 4841 1299 4897 adustus
1309 4842 1463 4913 est,poenis
1482 4844 1658 4901 atrocissimis
1669 4845 1829 4905 mmmamu

206 4934 339 5009 equitatis
360 4934 494 4991 invenitur
508 4934 535 4988 iu
559 4949 619 4990 arca
632 4935 720 4990 cordis
733 4935 785 4998 tui,
799 4933 889 5005 pmier
901 4935 992 5001 illam,
1045 4931 1212 4988 excmciatus
1226 4941 1267 4989 eet
1278 4950 1285 4986 ι
1297 4933 1406 4990 vincens
1420 4942 1508 4990 tamen
1523 4950 1619 4992 omues
1637 4939 1763 5010 corporis
1778 4955 1828 4994 mo·

206 5037 233 5082 ct
246 5027 303 5084 ltaec
315 5025 368 5082 duo
380 5026 487 5096 impone
499 5024 525 5079 in
540 5025 594 5092 illa,
609 5033 636 5080 et
647 5026 769 5094 appende
782 5041 790 5078 ι
804 5025 953 5082 liendicare
965 5026 993 5081 in
1046 5022 1136 5079 lestias
1155 5037 1252 5094 magno
1273 5023 1370 5080 robore
1390 5024 1537 5090 charitatis,
1552 5027 1701 5099 adjuvante
1723 5031 1769 5089 illo
1788 5030 1827 5101 qui

185 5116 187 5123 ’
205 5124 255 5171 troc
267 5116 381 5183 mundo,
395 5124 422 5171 et
444 5129 556 5185 regnare
574 5130 634 5169 cum
648 5113 764 5170 Cirr-isto.
782 5114 840 5170 Non
862 5125 903 5171 cst
922 5115 992 5186 quud
1047 5114 1125 5170 talem
1138 5115 1246 5172 iecerat.
1262 5114 1351 5186 ipsius
1361 5117 1427 5172 enim
1436 5134 1523 5184 sumtu
1536 5118 1706 5189 piamentum,
1717 5123 1792 5179 mesti
1805 5122 1828 5175 it

189 5200 367 5279 appendere.
380 5205 439 5261 Non
451 5204 522 5259 enim
537 5204 562 5258 in
574 5205 644 5259 illius
657 5206 694 5262 rei
705 5207 901 5276 comparatione
913 5205 994 5261 habet
1046 5205 1147 5260 dirime
1160 5205 1223 5262 Jetu
1236 5208 1263 5263 in
1276 5210 1392 5278 aperiero
1407 5207 1562 5280 iramque
1580 5215 1738 5283 proepmeoit
1751 5214 1827 5278 ttae.

208 5299 259 5353 lroc
271 5296 377 5368 aliquod
389 5296 502 5368 pondus.
518 5293 546 5352 Si
560 5295 676 5351 dicerem
687 5311 797 5369 regnare
810 5297 837 5352 in
851 5295 903 5352 hoc
917 5312 993 5353 mun·
1045 5308 1073 5350 ut
1092 5299 1119 5351 in
1141 5297 1193 5352 illis
1216 5298 1371 5353 antielencs
1391 5297 1497 5372 (Εριιιι.
1518 5316 1552 5363 ιι.
1567 5301 1625 5373 tu).
1640 5303 1676 5361 iit
1689 5315 1776 5362 auteur
1788 5318 1826 5358 se·

209 5390 262 5455 do,
277 5399 304 5444 et
317 5405 427 5461 regnare
441 5404 502 5443 cum
516 5389 637 5456 Christo;
652 5405 704 5445 non
727 5400 798 5447 cssct
811 5389 881 5462 quod
895 5405 994 5462 appon-
1046 5389 1172 5445 conderet
1183 5391 1209 5445 in
1229 5393 1295 5445 iram
1309 5404 1505 5461 persecutorem
1517 5392 1573 5450 iroc
1595 5393 1671 5462 iecit,
1688 5414 1741 5456 non
1762 5399 1824 5454 illan

210 5479 285 5533 dere.
299 5479 414 5536 Prenitet
427 5495 469 5534 me
483 5477 591 5544 dixisse,
608 5480 736 5550 Appende
746 5499 752 5535 :
764 5496 873 5551 prorsus
887 5489 994 5536 nonest
1047 5484 1138 5538 rolens
1152 5483 1248 5551 irasci,
1263 5485 1310 5540 sed
1323 5500 1398 5540 suam
1413 5483 1493 5540 iidem
1505 5487 1618 5556 cupiens
1634 5492 1750 5559 posteris
1762 5503 1822 5545 eom

201 5567 274 5639 quod
285 5570 444 5641 appendere.
462 5567 529 5638 Quid
543 5570 643 5643 prodest
662 5571 773 5635 lentini,
789 5573 810 5627 si
820 5580 899 5627 totum
917 5588 990 5627 nrua·
1047 5573 1303 5644 mendarc,etquam
1314 5589 1423 5631 securus
1432 5581 1819 5639 morereturostsnderertier
