3750 6270
130 213 187 274 sn
240 180 247 189 ’
744 212 772 270 s.
792 204 975 271 incusum
992 178 1144 276 mecon

129 337 194 394 dent
213 348 279 408 erqo
296 334 375 391 ambo
387 332 500 405 pacillci,
512 339 541 390 et
561 333 647 404 pacati
667 340 729 387 sunt
747 328 916 400 ambo-Quid
967 331 1036 388 eolo
1049 334 1144 402 uritur,
1156 334 1191 392 de
1203 334 1275 394 nobs
1293 336 1600 414 plumescentem-t

128 439 169 488 est
180 431 326 502 speciosius
338 429 412 484 liunt
421 427 488 496 Quid
500 425 646 482 deformius
656 422 810 480 Crucitlsol
968 425 1109 495 dennuni
1121 425 1290 494 nunitcaat,
1301 428 1371 487 dona
1384 439 1462 501 nint,
1478 433 1527 490 sed
1538 432 1600 496 ded

164 520 440 577 &discumberemus
461 529 525 575 uerte
553 517 660 590 nuptiali
681 514 837 587 reprobatus.
862 512 915 570 lste
967 517 1128 574 communie.
1141 518 1273 577 intremus
1283 521 1318 577 sd
1330 524 1451 593 nuptias:
1467 523 1600 585 loriselie

127 628 191 684 erqo
204 627 318 683 sponsus
336 612 474 684 speciosas
492 609 581 666 torma·
600 623 654 680 prae
672 607 734 663 liliis
758 605 913 671 dominam,
967 620 1037 673 ntus,
1050 609 1096 679 qui
1109 624 1161 667 non
1174 621 1304 668 venenant
1315 615 1410 671 romu.
1422 615 1600 687 lpsosoonrla

127 704 254 762 deformis
266 703 350 760 lactas
364 702 538 776 utpulchrom
553 699 651 756 laceret
666 712 808 769 sponsam,
821 698 865 753 cui
874 697 918 753 di·
966 695 1131 757 Christianos
1143 702 1350 762 consideremus.
1364 706 1514 777 Baptismus
1523 709 1600 767 donn

127 797 205 865 citur,
221 794 418 851 Odrcoreiuter
431 794 546 849 mulieres
558 791 643 870 (Cant.
658 809 677 855 t,
691 793 720 863 7)
732 792 739 847 l
753 790 788 847 de
805 807 857 861 qua
870 789 913 845 di·
966 788 1064 846 habent
1074 790 1148 849 illum
1162 795 1265 852 boniet
1282 798 1354 853 mali.
1369 798 1469 856 dltsrls
1488 800 1600 861 Seereu

126 889 205 951 citur,
218 887 281 956 Quis
292 896 330 942 eet
347 887 396 943 islo
410 901 468 958 qaus
480 885 590 940 ascendit
603 882 720 938 decidens
742 879 798 956 (lt.
819 897 859 949 m,
871 878 913 953 d).
965 883 1099 954 accipiunt
1110 885 1170 941 boui
1191 895 1219 943 et
1236 889 1309 945 mali.
1327 890 1498 964 Prophetarit
1506 894 1571 951 Ssltl
1592 894 1600 953 l

127 983 282 1047 illuminata,
297 995 350 1035 non
360 979 450 1035 colore
463 976 593 1034 mendacii
604 975 724 1031 lassata?
733 973 835 1030 invenit
848 989 914 1045 erqo
965 973 1024 1030 viro
1042 986 1135 1033 sancto
1146 989 1225 1052 atque
1235 981 1382 1052 justissimo
1402 985 1530 1053 infestus:
1543 988 1600 1045 du

126 1074 176 1129 iste
191 1073 237 1144 qui
248 1072 353 1127 vomuit
364 1070 398 1126 ad
411 1069 533 1139 nuptias,
547 1067 682 1122 hominem
704 1079 757 1121 nun
770 1064 912 1120 habentem
964 1075 1120 1136 sequeretur
1134 1071 1302 1141 prophetavit
1313 1074 1337 1145 (l
1352 1075 1416 1148 lleq.
1430 1077 1499 1158 tuq).
1512 1077 1600 1151 Numq

127 1172 228 1220 uestem
241 1161 396 1233 nuptialem,
408 1169 435 1216 el
448 1160 485 1214 ait
497 1159 545 1222 illi,
560 1157 663 1223 Αιιιὶω,
681 1156 800 1229 quirites
812 1157 913 1213 intratsi
964 1159 1127 1218 tnruredere
1140 1164 1189 1218 soli
1204 1165 1288 1220 boni?
1299 1165 1465 1223 Etdtemonee
1481 1171 1600 1239 medem,

125 1272 176 1309 non
192 1254 284 1308 iudeus
304 1260 393 1308 cesum
411 1250 570 1320 nnpdulem?
588 1248 620 1303 At
644 1248 688 1302 itte
701 1247 831 1304 oimeteit.
854 1247 912 1304 dora
963 1251 1181 1327 dsscentltneodi
1194 1273 1222 1326 ιι,
1236 1258 1294 1329 ld).
1310 1259 1378 1328 Quid
1391 1260 1478 1316 lucio?
1490 1262 1600 1321 Enctd

124 1348 195 1402 enim
214 1346 314 1402 invenit
330 1343 401 1416 quod
418 1342 602 1414 responderet.
623 1341 658 1397 Et
666 1340 705 1396 nit
725 1338 912 1412 paterfamilias
963 1343 997 1399 ad
1012 1354 1111 1401 restem
1127 1347 1198 1403 illam
1215 1349 1332 1406 nondum
1346 1352 1465 1422 perveni.
1479 1351 1600 1411 lovolaer

125 1440 168 1510 qui
180 1439 342 1492 intraverat:
357 1435 446 1509 diocte
456 1435 496 1490 ilii
514 1451 604 1490 munus
616 1443 639 1488 et
657 1434 785 1505 pedee,et
797 1434 912 1506 projicite
963 1435 1100 1505 explicari,
1109 1439 1247 1496 omuiauel
1257 1441 1600 1517 peneomnlaconsldcrarl,

124 1530 196 1585 illam
219 1529 246 1584 in
262 1529 374 1584 teuedrm
387 1527 520 1583 exteriores
541 1525 599 1581 :ili
619 1527 666 1581 erit
680 1527 754 1598 ptetm
773 1533 798 1580 et
817 1524 911 1580 strider
964 1525 1035 1582 illam
1049 1529 1165 1584 nondam
1181 1532 1298 1602 perveni.
1307 1532 1426 1603 Quodam
1434 1535 1494 1591 luco
1503 1535 1600 1593 Paulam

124 1621 245 1675 dentium.
258 1621 356 1676 mtam
368 1634 448 1691 parm
462 1620 600 1690 culpatam
611 1634 704 1690 magna
714 1618 909 1690 poeoallluqna
962 1620 1049 1676 attulit
1060 1621 1126 1676 milui
1138 1637 1260 1694 magnum
1279 1626 1442 1682 involucrum
1463 1641 1600 1698 suaquarta

124 1712 206 1768 enim.
221 1711 304 1767 Perua
316 1710 500 1780 dieiturculpa
512 1725 565 1765 non
577 1708 676 1766 habere
687 1719 787 1766 restem
806 1710 912 1780 nuptie-
961 1712 1083 1783 exposuit
1104 1724 1166 1771 ante
1184 1731 1244 1783 me,
1258 1725 1286 1773 et
1301 1716 1355 1773 dixi
1369 1719 1405 1787 ei,
1420 1719 1537 1775 Ostende
1559 1718 1600 1775 mil

126 1805 178 1859 lem
193 1820 200 1857 :
215 1817 307 1873 parua,
323 1801 370 1858 sed
389 1818 442 1857 non
463 1800 680 1872 intelligentibus.
691 1800 801 1870 Quando
814 1799 858 1857 ille
872 1801 911 1856 sic
963 1801 1007 1859 nic
1019 1803 1091 1861 illam
1105 1815 1204 1862 restem
1218 1808 1363 1879 nuptialem
1375 1812 1508 1882 reperisti.
1525 1809 1600 1885 (ἰωῇ

125 1904 307 1958 succenseret,
323 1894 429 1965 quando
441 1893 486 1949 ilie
501 1889 688 1963 sicjr‘adicnret,
702 1900 732 1948 ut
744 1902 853 1963 propter
863 1907 910 1949 ve·
962 1896 1076 1970 singulo,
1087 1907 1115 1955 et
1127 1899 1236 1956 dicere:
1250 1900 1282 1958 Si
1294 1901 1387 1974 linquis
1397 1903 1524 1959 doodnum
1534 1903 1600 1977 luqes

124 1995 193 2043 stem
206 1986 350 2058 nuptialem
366 2001 444 2057 qnam
464 1999 516 2040 non
531 1968 663 2050 lambat,
674 1984 791 2040 mitteret
808 1998 869 2041 eum
879 1983 911 2038 li·
962 1988 1096 2056 totamm
1110 1991 1215 2046 natam
1234 2010 1331 2049 „mmm
1348 1995 1493 2063 mmm,
1505 2005 1529 2050 ,ι
1546 2011 1600 2070 ml

123 2081 192 2152 gatis
203 2080 325 2136 manibus
337 2087 364 2135 et
376 2078 489 2149 pedibus
503 2076 529 2132 in
546 2077 668 2133 tenebras
688 2076 849 2143 exteriores,
866 2075 910 2131 ubl
961 2095 1061 2135 omnen
1069 2081 1146 2151 pidem
1157 2123 1165 2149 ‚
1176 2083 1213 2138 ite
1230 2093 1257 2137 ut
1271 2094 1365 2139 montes
1377 2087 1581 2158 nmsseraomi

123 2181 196 2230 esset
209 2171 290 2228 lletus
303 2179 331 2228 et
342 2170 441 2226 stridor
451 2170 569 2226 dentium
580 2210 589 2238 ,
600 2169 651 2225 nisi
662 2169 740 2239 culpa
750 2176 823 2225 esset
834 2167 911 2224 valde
962 2171 1047 2226 omniu
1058 2186 1114 2227 enee
1125 2172 1292 2244 properiter,
1308 2185 1330 2230 et
1346 2176 1444 2230 tradem
1459 2192 1550 2248 corpus
1565 2193 1600 2235 stre

123 2267 212 2337 qravls
224 2272 326 2320 restem
338 2278 391 2319 non
402 2263 501 2319 hebere
511 2261 677 2332 nuptialem?
694 2260 758 2317 lilen
772 2277 780 2315 :
792 2260 852 2330 qnia
862 2274 911 2329 per
961 2263 1044 2318 dmnt.
1055 2263 1155 2336 llaqnae
1165 2274 1255 2323 uestes
1271 2266 1408 2323 :nondum
1422 2277 1510 2325 remen
1527 2277 1570 2327 0⁵1
1587 2268 1600 2327 q

124 2372 169 2413 me
179 2356 281 2412 inuitati
291 2356 373 2421 estis,
388 2363 417 2411 et
427 2354 449 2409 si
464 2367 513 2408 uos
526 2353 572 2410 ille
592 2351 729 2416 inuitauit,
743 2365 793 2422 per
806 2365 855 2407 nos
869 2351 908 2405 in·
961 2353 1003 2410 lis.
1016 2354 1074 2410 lam
1093 2357 1182 2426 proin
1203 2357 1280 2413 nobis
1301 2358 1445 2430 nuptialem
1467 2370 1580 2416 uestem.
1595 2368 1600 2413 t

123 2448 226 2504 timuit.
240 2447 269 2502 ln
282 2447 404 2503 convivio
415 2445 480 2502 estis
492 2458 602 2510 omnes,
615 2440 740 2498 habetote
748 2449 850 2498 restem
859 2455 910 2495 nu·
961 2445 1096 2516 Apostole,
1108 2447 1266 2518 susspendisl
1278 2448 1419 2520 Prophetis
1429 2449 1496 2509 torte
1510 2451 1559 2507 liei
1576 2450 1600 2509 dr

123 2540 242 2612 ptiolem.
256 2540 366 2609 Expouo
384 2552 444 2609 qaue
464 2545 506 2593 est
517 2578 525 2606 ‚
537 2544 567 2591 ut
583 2549 677 2592 omnes
694 2533 831 2602 habens,
846 2541 875 2588 et
886 2532 909 2588 sl
962 2537 1033 2609 quod
1046 2552 1099 2595 non
1110 2540 1278 2598 habentboni
1298 2550 1325 2597 et
1341 2543 1415 2598 mali.
1427 2542 1458 2598 Si
1470 2543 1600 2601 ciuem

123 2631 218 2702 aliquis
241 2644 285 2685 me
295 2644 349 2684 non
367 2626 406 2701 (a)
427 2627 502 2683 audit
521 2625 567 2697 qui
587 2639 640 2680 non
662 2623 752 2690 habet,
768 2631 909 2695 antequam
961 2630 1299 2701 nortmannisque,
1313 2633 1600 2707 niiritnritiprodeetll

123 2723 213 2777 ueniat
226 2718 415 2792 paterfamilias
427 2717 588 2774 etconuivas
600 2730 663 2772 suos
675 2713 808 2785 inspiciat,
824 2720 910 2770 mute-
962 2721 1028 2791 ιθ).
1047 2723 1116 2780 Ecce
1132 2725 1212 2781 vestis
1231 2725 1371 2796 nuptialis:
1386 2725 1486 2782 induite
1502 2741 1598 2795 ros,o

123 2824 168 2871 tur
177 2814 203 2871 in
215 2815 321 2882 melius,
332 2812 445 2885 accipiat
455 2821 555 2869 uesmm
566 2810 721 2882 nuptialem,
733 2823 844 2867 securus
853 2807 909 2865 dis·
961 2822 991 2870 ot
1002 2813 1275 2871 securidiseumliatis.
1286 2811 1373 2873 Nolite
1381 2814 1470 2874 dicere
1485 2834 1493 2873 τ
1507 2817 1547 2874 Ad
1557 2817 1600 2877 isit

123 2905 239 2964 camlmt.
962 2903 1109 2962 hahendam
1137 2920 1267 2978 pauperes
1290 2920 1392 2963 sumus.
1427 2907 1536 2976 Vestite,
1549 2915 1579 2965 et

158 2999 185 3056 6.
208 2997 281 3055 lines
295 2999 419 3071 projectus
442 2997 534 3053 multoe
553 2997 656 3068 fiperut.
681 2993 905 3060 Nonenlmnere,
961 2997 1053 3054 lliems
1072 3007 1114 3055 est
1128 3015 1135 3052 :
1150 3002 1245 3054 restite
1261 2997 1372 3054 nudos:
1396 2997 1482 3055 nudus
1501 3007 1543 3055 est
1564 2992 1600 3057 (il

122 3094 283 3160 charissimi,
295 3095 339 3150 ille
348 3093 392 3166 qui
407 3092 469 3149 inde
484 3091 616 3163 projectus
628 3099 668 3147 est
682 3104 762 3146 unum
772 3089 908 3145 hominem
960 3091 1119 3163 quicumque
1136 3105 1189 3146 non
1207 3090 1310 3147 habetis
1327 3100 1429 3147 testem
1449 3091 1593 3163 nuptialem

123 3188 254 3261 siquitem
267 3204 274 3242 :
288 3186 367 3244 absit.
385 3185 459 3242 llulti
475 3194 536 3241 snut
551 3183 599 3258 (i).
614 3185 649 3240 Et
661 3184 718 3254 ipse
728 3181 908 3252 nomiuusqui
960 3183 1024 3239 lam.
1037 3182 1078 3238 sd
1093 3182 1164 3238 illum
1179 3181 1295 3250 currite,
1309 3184 1395 3252 ipsmn
1416 3190 1507 3253 rogate
1520 3199 1527 3237 :
1542 3182 1600 3241 nort

122 3278 192 3336 lenc
217 3277 370 3350 parabolam
400 3277 555 3351 proposuit,
574 3275 693 3347 Sponsus
708 3274 767 3346 ipse
794 3272 909 3330 convivii
960 3290 1022 3332 care
1033 3274 1127 3332 lldeles
1139 3290 1212 3343 suos,
1226 3276 1406 3333 norilrestire
1423 3276 1509 3332 nudus
1520 3289 1596 3333 sute-

122 3380 283 3429 oonrocalur
294 3380 322 3427 et
334 3371 505 3426 convivarum
523 3368 687 3435 ririllcator,
702 3367 759 3441 ipse
770 3366 848 3422 nobis
858 3380 907 3422 es·
961 3368 1108 3425 tisrestem
1130 3366 1258 3425 uadentes
1275 3367 1418 3439 nuptialem
1437 3382 1490 3423 non
1512 3367 1600 3425 timen

122 3464 219 3534 posuit,
234 3462 296 3534 quia
309 3462 389 3517 lromo
402 3461 447 3517 ille
459 3475 513 3516 non
525 3476 607 3516 unum
619 3459 755 3516 nominem
765 3458 906 3530 signiticat,
959 3458 1228 3525 munusculorum
1237 3458 1415 3517 membrorum
1424 3467 1452 3515 et
1461 3471 1600 3515 manuum

120 3556 168 3614 sed
178 3555 286 3620 multos,
299 3554 346 3618 ini.
359 3555 387 3610 in
401 3553 460 3625 lpso
473 3554 546 3618 loco,
561 3553 589 3608 in
600 3550 836 3622 eadumparulruls.
848 3549 908 3606 lion
959 3568 1013 3610 nou
1027 3553 1251 3624 delicientupera.
1262 3552 1290 3608 Si
1303 3551 1438 3618 deliciunt,
1452 3552 1538 3623 liquis
1548 3565 1600 3608 uin

120 3650 250 3720 solonge.
264 3649 426 3719 incipero,
441 3646 476 3702 ini
489 3644 581 3717 lranqo
594 3654 622 3700 et
633 3642 845 3699 manducandum
858 3657 907 3714 ap·
958 3644 1075 3703 neturus
1088 3644 1145 3700 esti
1158 3643 1244 3715 ligatis
1258 3643 1369 3714 pediam
1382 3658 1435 3715 quo
1446 3643 1600 3715 lingiturusr

120 3754 200 3812 pono.
214 3739 259 3796 nit
270 3739 350 3803 enim,
366 3753 426 3794 eum
442 3736 504 3793 inde
524 3737 621 3792 missus
642 3744 715 3792 esset
729 3733 774 3792 ille
789 3748 842 3790 nun
856 3732 905 3789 na·
959 3737 1071 3793 teneatis
1082 3742 1184 3792 restem
1192 3736 1345 3806 nuptialem,
1354 3735 1491 3791 induimini
1504 3736 1600 3805 ipsam,

119 3832 185 3888 bens
205 3839 307 3887 restem
329 3828 472 3902 nuptialem
493 3829 520 3883 in
539 3828 661 3884 terrebras
679 3827 848 3885 exteriores:
870 3827 907 3883 eit
957 3827 1125 3895 discumbite,
1135 3827 1240 3899 quando
1253 3827 1324 3883 reon
1345 3827 1485 3897 inspicere.
1504 3827 1600 3899 lliesls

119 3940 192 3997 erqo,
208 3934 234 3981 et
246 3932 353 3981 secutus
365 3922 493 3994 adjunxit,
509 3920 584 3977 llultl
594 3922 660 3976 enim
673 3930 733 3976 eunt
742 3921 832 3986 menti,
841 3936 906 3990 pou·
956 3912 1010 3969 rit:
1023 3927 1148 3984 magnum
1165 3912 1278 3983 spatium
1296 3910 1376 3967 modu
1390 3911 1572 3984 largitur,qul
1585 3927 1600 3969 ι

119 4017 289 4074 demetenti
308 4014 414 4086 (llrtttn
426 4030 500 4082 xxii,
515 4014 619 4085 ll-ll).
637 4012 722 4070 Unum
740 4011 803 4069 lrinc
816 4011 905 4084 prole·
956 4004 1243 4078 eliqmndoresnatar.

118 4109 188 4176 cisti,
201 4118 228 4165 et
239 4107 314 4175 dicis,
332 4105 409 4161 llutltt‘
422 4106 488 4162 enim
500 4114 559 4162 suut
572 4107 661 4169 occuli,
673 4105 833 4175 maetenni.
842 4104 905 4161 Sine
1204 4096 1318 4153 sentio
1328 4095 1428 4152 xiiii·
1443 4095 1493 4168 (a).

119 4198 200 4256 dublo
211 4199 289 4256 electi
302 4212 354 4253 non
368 4206 431 4253 sunt
442 4194 553 4267 projecti
570 4205 617 4251 :et
626 4195 675 4266 ipsi
688 4194 849 4265 erantpaaci
859 4195 905 4266 qui
956 4191 996 4250 lle
1006 4191 1085 4247 redis
1094 4189 1224 4263 Eemqetii
1234 4189 1325 4254 llurri,
1338 4205 1396 4258 cup,
1411 4204 1475 4253 ιιιι,
1488 4186 1537 4256 dl,
1554 4187 1586 4246 si·

117 4284 314 4347 discumbentes
327 4295 526 4353 remanserant;
537 4287 646 4343 etmulti
656 4295 733 4343 erant
744 4287 770 4342 ln
783 4287 828 4343 lllu
838 4302 902 4355 urio,
991 4298 1035 4339 me
1047 4282 1134 4353 sequi,
1144 4282 1255 4352 abneqet
1264 4282 1450 4350 semetipsam,
1461 4290 1526 4344 ete..
1542 4280 1600 4351 defi

118 4380 179 4452 quia
191 4380 236 4436 ille
245 4395 313 4435 unus
324 4394 405 4434 nnnm
416 4392 512 4450 corpus
526 4376 656 4433 malorum
667 4386 719 4447 est,
732 4376 776 4448 qul
788 4391 841 4433 non
857 4374 903 4432 lra-
989 4373 1068 4429 luae.
1085 4389 1114 4438 n,
1128 4371 1235 4442 15,οιιί
1250 4371 1337 4443 diligit
1352 4370 1498 4438 muudum,-
1509 4385 1566 4426 non
1577 4383 1600 4429 et

117 4471 442 4542 hetvoetemnuptialem.
989 4469 1076 4527 Patris
1087 4469 1113 4525 io
1127 4484 1171 4525 co.

152 4563 179 4619 l.
198 4561 279 4618 Vestis
291 4565 421 4635 nuptialis,
433 4563 553 4620 edentur.
566 4564 635 4635 erid
648 4572 690 4621 est
703 4562 784 4621 uestis
798 4565 902 4636 nuptia·
989 4560 1102 4619 CAPUT
1133 4558 1277 4616 inimum.-
1300 4588 1337 4600 -
1371 4557 1397 4613 l.
1421 4556 1551 4614 Claritate
1573 4556 1600 4626 β

116 4656 151 4714 lis
164 4654 218 4730 (c)l
232 4656 386 4726 Quuramns
401 4656 472 4712 illam
485 4659 511 4714 in
525 4658 632 4714 Litteris
643 4659 742 4716 sanctis
752 4660 772 4714 ¹.
782 4658 851 4729 Quid
861 4665 904 4715 est
955 4665 1027 4726 cepte
1040 4654 1112 4709 leuia.
1134 4652 1233 4708 liuram
1255 4650 1360 4706 uidetur
1379 4659 1407 4705 et
1421 4657 1503 4720 grane
1522 4646 1596 4719 quud

115 4749 198 4804 uestis
208 4748 351 4820 nuptialis?
364 4747 428 4804 Sine
440 4748 520 4805 dubio
542 4748 640 4821 aliquid
660 4757 702 4805 est
717 4749 786 4822 qdod
799 4749 860 4804 mali
875 4757 904 4804 et
954 4746 1101 4816 imperauit,
1116 4744 1176 4800 alsi
1195 4743 1254 4815 quis
1266 4758 1326 4798 eum
1341 4741 1397 4796 vult
1416 4740 1506 4811 sequi,
1522 4739 1600 4811 abneq

115 4839 178 4896 honi
192 4854 333 4896 commune
343 4855 395 4895 non
406 4840 503 4897 liabent
517 4859 524 4896 :
540 4840 590 4896 hoc
603 4841 775 4906 inveniamus,
786 4848 814 4899 el
823 4840 902 4897 inve·
953 4852 1023 4894 sum.
1039 4835 1092 4892 Sed
1102 4849 1154 4891 non
1163 4844 1204 4890 est
1216 4834 1311 4890 durum
1325 4845 1463 4902 necqrave
1473 4829 1544 4902 qnod
1559 4829 1600 4887 iile

115 4932 204 4989 nimus
218 4941 318 4988 restem
333 4931 487 5003 nuptialem.
511 4931 538 4988 ln
553 4931 630 4988 donis
645 4932 690 4988 liei
703 4931 766 5004 quid
778 4931 900 5009 estquod
953 4931 998 5003 qni
1008 4928 1114 5000 adjuvat
1125 4937 1154 4983 ut
1164 4927 1210 4983 liat
1221 4926 1291 4997 quod
1305 4926 1426 4996 imperat.
1440 4922 1506 4979 llam
1518 4931 1547 4978 et
1566 4921 1600 4978 illi

114 5036 256 5078 mnrmnne
274 5038 326 5077 non
348 5021 445 5078 liabent
472 5023 533 5078 boni
551 5033 578 5080 et
594 5024 675 5079 malli
688 5023 763 5093 qaod
780 5023 902 5080 homines
953 5031 994 5079 est
1004 5020 1075 5092 quod
1082 5020 1107 5077 ei
1121 5019 1216 5077 dieitur
1229 5019 1255 5074 iu
1269 5017 1374 5074 Psalmo
1388 5034 1396 5071 ι
1410 5014 1520 5084 Propter
1529 5012 1600 5070 saie

115 5128 208 5171 arrrnns
227 5124 254 5170 ct
271 5130 368 5184 pecora
389 5130 441 5170 non
461 5131 569 5184 sumus,
588 5116 635 5173 liei
655 5116 755 5173 donum
773 5125 836 5174 est:
853 5117 899 5174 sed
953 5125 1053 5171 tuorum
1065 5130 1110 5187 epo
1124 5113 1244 5168 custodiri
1257 5111 1310 5166 rius
1322 5115 1399 5163 duras
1411 5106 1497 5180 (Paul.
1509 5105 1600 5174 send

114 5223 255 5264 commune
267 5207 319 5264 lroc
336 5223 395 5264 cum
408 5207 484 5265 bonis
493 5220 521 5265 et
532 5209 618 5266 malis.
631 5210 706 5280 Quod
720 5209 797 5267 uoltis
808 5210 854 5266 lux
866 5209 901 5268 de
952 5221 1044 5264 verum
1057 5205 1181 5277 estquod
1195 5202 1330 5274 ipsedrrit
1344 5200 1457 5271 :Jeqrun
1473 5214 1556 5254 meum
1573 5198 1600 5252 te

145 5366 216 5418 ,5¹0¹
405 5370 411 5382 .
517 5373 523 5384 ,
952 5318 1015 5357 cnm
1027 5317 1108 5356 numm
1118 5301 1215 5357 leseest
1228 5293 1333 5368 (lluttlr.
1344 5311 1382 5361 ιιι,
1397 5294 1452 5366 tto).
1463 5287 1596 5363 Quidquid

114 5424 158 5479 tua
168 5369 305 5483 missarffffl
315 5367 469 5422 (dimum
480 5376 507 5422 st
518 5384 542 5422 ¹⁰
551 5371 687 5425 mmm
695 5371 787 5435 Μ’
798 5371 901 5428 Μή·
952 5411 1010 5451 rum
1020 5403 1062 5450 est
1075 5395 1101 5449 in
1112 5390 1260 5464 preceptis,
1273 5398 1301 5445 nt
1313 5389 1349 5444 sit
1360 5391 1429 5455 lene,
1442 5384 1558 5442 claritas
1571 5382 1600 5441 le

144 5511 171 5571 (c
192 5518 353 5595 rortemurc.
982 5527 1119 5575 'inuentus
1135 5529 1174 5574 est
1192 5522 1216 5571 ln
1238 5528 1278 5571 lte.
1298 5521 1369 5572 noluo
1387 5533 1424 5584 qr.
1437 5519 1500 5573 etin
1511 5517 1600 5570 edillei

144 5571 170 5697 {i
192 5574 333 5639 tidesupra
343 5578 601 5639 sermonemdilmd.
953 5598 1006 5642 lor.

155 5635 601 5708 ctidemprasermonemmd,
615 5655 668 5710 sqq.
984 5644 1292 5712 (interuenientem.
