3728 6276
701 225 815 285 SEllllO
834 223 1005 282 oetxxvtt.
1407 261 1411 275 ,
1594 221 1665 281 {m

142 358 224 435 rporis
236 356 350 432 ponlns.
359 355 491 424 Aggramt
502 346 617 402 animam
632 343 712 400 etism
722 354 817 398 sanum

142 448 408 525 qnodcorrumpitur,
430 442 457 499 id
481 447 543 507 est,
565 434 747 506 corruptibile.
766 431 821 504 bg·

142 545 262 611 unimam,
276 541 369 606 idest,
383 553 435 594 non
447 534 614 604 obtemperat
622 530 719 586 animee
730 525 764 583 ad
775 541 820 581 nu·

142 638 189 693 nnis
202 632 354 691 uoluntatis.
372 626 584 698 obtemperatio
605 621 695 679 multis
710 637 717 675 :
732 624 822 675 monet

142 725 172 783 nd
186 723 366 795 operandum,
388 718 469 790 pedes
487 717 522 771 ad
544 711 751 777 ambulandum,
767 707 820 764 litt-

142 815 349 888 dloquendum,
363 811 454 868 oculos
465 808 500 865 ad
520 804 679 869 ridendum,
702 800 737 858 ad
757 814 820 856 sen·

151 922 232 965 noces
243 902 356 962 intendit
369 900 487 957 nuditum
502 915 510 954 ι
531 897 558 952 in
572 895 615 952 his
625 891 748 950 omnibus
760 903 821 944 cor·

142 998 258 1069 equitur.
274 992 391 1050 blotandi
410 991 462 1047 loci
483 986 615 1058 cupiditas
636 983 716 1040 sentit
735 995 821 1057 onus,

142 1088 231 1145 ondns
243 1106 251 1142 ι
265 1101 318 1142 non
333 1094 404 1140 taum
415 1081 541 1138 facilitate
554 1086 675 1134 moretur
683 1088 780 1146 corpus
788 1071 823 1129 ad

142 1181 257 1247 endum,
271 1194 324 1251 quo
336 1177 480 1233 desiderat.
494 1172 630 1229 Desiderat
649 1166 743 1238 aliquis
755 1164 823 1219 ami·

142 1273 202 1329 lere
222 1272 248 1327 in
272 1284 385 1340 corpore
403 1267 580 1331 constitutus,
595 1263 622 1317 in
636 1273 748 1332 corporo
760 1271 825 1313 con·

142 1379 172 1430 n;
186 1363 261 1417 illum
283 1360 358 1428 novit
376 1373 436 1414 esse
450 1358 477 1413 in
490 1354 630 1427 loginquo,
646 1349 737 1405 multe
751 1361 825 1401 man-

142 1452 299 1524 interjacent
320 1470 328 1508 ι
352 1449 441 1505 aninro
463 1448 517 1519 jam
538 1441 690 1516 praecessit,
714 1452 825 1508 corpore

151 1545 288 1617 peruenit,
301 1551 362 1598 tunc
373 1540 455 1598 sentit
466 1538 545 1611 quale
563 1549 631 1591 onus
645 1539 745 1606 portet.
767 1527 825 1584 lion

142 1628 342 1695 dc‘eterisntem
363 1640 553 1706 praesumptam
577 1625 686 1684 obedire
698 1621 826 1679 voluntati

148 1727 250 1784 earnis:
260 1743 312 1782 uon
320 1725 402 1796 potuit
413 1738 446 1780 on
454 1721 588 1779 celeritate
598 1717 724 1788 rapique
733 1711 825 1780 uoluit,

142 1826 256 1888 oportet
268 1816 382 1870 animus.
396 1813 511 1869 Tardum
525 1821 553 1866 et
566 1820 708 1864 onerosum
720 1814 771 1861 est.

142 1904 184 1965 tlt
210 1906 266 1961 vlt.
280 1936 314 1946 —
327 1906 354 1960 7.
372 1902 543 1971 Quaerendum
557 1898 654 1971 aliquid
670 1897 697 1950 in
714 1895 827 1949 boccor·

142 1997 173 2053 ds
185 1997 339 2068 intelligutur
351 1995 470 2050 uelocitas
482 1989 595 2061 corporis
609 1986 689 2060 sutori
703 1983 827 2055 spiritun-

142 2102 271 2152 atnusne,
297 2086 377 2142 babet
402 2082 501 2153 oliqnid
521 2081 608 2150 ipsum
631 2091 742 2146 corpus,
757 2071 828 2128 unde

141 2194 163 2235 tr
184 2177 310 2234 velocitas
329 2174 469 2245 corporis?
491 2170 577 2228 Pedes
598 2163 736 2223 dicennnsl
760 2160 828 2232 Quid

145 2265 221 2339 ilpsi
236 2276 298 2323 sunt
318 2267 363 2337 qui
385 2263 562 2337 perrenniunt,
584 2267 611 2315 et
629 2257 762 2314 desideria
784 2254 829 2310 vix

142 2364 192 2425 tur,
208 2366 236 2414 et
253 2357 407 2411 molimenta
431 2351 566 2409 moliendo
587 2348 753 2422 perveniunt.
775 2343 829 2402 Sed

144 2464 250 2520 mquam
263 2449 298 2503 ita
311 2448 449 2513 velocem,
470 2455 499 2499 ut
519 2452 582 2500 sunt
593 2439 714 2513 quaedam
724 2437 828 2493 anima-

145 2540 194 2596 bus
207 2555 257 2595 nec
279 2536 458 2608 comparanda
469 2542 511 2591 est
524 2533 653 2590 velucitus
665 2537 773 2594 nostra;
787 2524 830 2581 lac

142 2645 197 2686 nam
209 2630 245 2686 ita
259 2631 394 2695 velocem,
410 2637 439 2684 ut
459 2634 522 2682 sunt
541 2640 626 2680 aves:
649 2637 703 2678 non
723 2635 756 2676 eo
776 2618 829 2675 ictu

142 2722 168 2788 it,
181 2737 234 2794 quo
246 2720 368 2776 noluerit.
385 2719 434 2774 bin
449 2717 539 2773 nolant
557 2729 621 2770 aues
633 2709 787 2785 migrando,
800 2716 831 2765 et

142 2812 182 2869 ido
194 2811 272 2870 lesse
284 2811 405 2868 insidunt
424 2807 565 2866 arboribus
577 2807 696 2863 narium.
717 2804 786 2875 Ergo
807 2800 830 2857 si

142 2907 201 2961 ticut
213 2918 276 2959 aces
290 2902 381 2958 nolnre
394 2915 547 2973 possemus,
559 2913 614 2969 pree
624 2893 756 2953 desiderio
766 2906 828 2966 per·

142 2994 163 3052 li
179 2994 246 3051 tardi
260 3010 389 3051 essemus.
404 2990 470 3047 Cium
482 3007 547 3047 nero
557 2990 741 3058 lueritoorpus
753 2983 832 3056 spiri-

142 3084 177 3143 de
190 3100 244 3157 quo
255 3083 354 3140 dictum
370 3093 425 3148 est,
440 3081 586 3138 seminatur
601 3094 692 3150 corpus
704 3072 830 3141 cnimoie,

142 3195 229 3249 eorpus
242 3179 372 3251 spirituale
384 3176 407 3248 (l
418 3175 476 3232 Cor.
485 3191 530 3243 xv,
539 3175 604 3247 il);
618 3179 715 3244 quanta
723 3168 758 3225 ibi
769 3167 833 3222 laei-

145 3280 243 3342 quanta
262 3270 405 3335 celeritas,
419 3279 516 3338 quanm
531 3265 680 3322 obedientia
702 3261 833 3318 nolentis?

143 3362 281 3433 opondus,
293 3362 319 3416 in
332 3362 406 3416 trullo
415 3369 536 3432 egestas,
548 3360 575 3413 in
596 3357 670 3413 nodo
693 3355 831 3421 lassitudo,

142 3454 170 3509 lo
187 3469 220 3508 en
253 3454 304 3508 ulia
324 3462 399 3524 parte
418 3451 559 3507 renitentia
574 3459 609 3524 et·
622 3447 771 3504 reluctatio.

142 3541 191 3601 'UT
201 3542 267 3597 Vlll.
278 3574 314 3584 —
322 3544 349 3599 8.
363 3542 402 3597 lte
412 3559 515 3613 corpore
526 3539 650 3611 spirituaii
664 3555 695 3592 ee
704 3538 834 3593 mensione

142 3653 187 3690 sm.
200 3636 283 3705 Qunle
297 3634 360 3692 illud
374 3649 471 3706 corpus
481 3643 552 3696 erat,
568 3631 638 3703 quod
648 3630 777 3686 Durnium
788 3645 835 3700 per

142 3743 158 3781 n
170 3727 292 3796 trnjsent
303 3725 453 3789 intendite,
467 3724 595 3789 obsecro,
609 3723 633 3777 si
645 3721 745 3795 possim
756 3720 834 3791 adju·

145 3818 258 3873 Domino
278 3817 514 3889 qualibuscumque
533 3815 622 3871 verbis
643 3813 835 3884 exspectationi

159 3916 205 3962 ant
218 3908 388 3976 satisfacere,
401 3915 512 3964 autnon
526 3907 637 3961 multum
650 3905 754 3962 deesse.
768 3904 834 3961 Nata

142 3998 241 4054 occasio
256 4008 298 4054 est
310 3999 344 4055 de
357 4013 470 4070 corpore
482 3997 612 4069 spirituali
626 3997 724 4068 aliquid
742 3996 835 4067 dispu-

142 4107 165 4147 ιι
177 4091 300 4162 passione
312 4091 451 4164 Martyris,
468 4106 483 4145 a
502 4105 556 4162 quo
567 4090 606 4146 sic
619 4089 732 4145 vidimus
746 4098 773 4145 et
787 4089 836 4143 mi·

143 4201 203 4242 mus
212 4200 309 4256 corpus
323 4186 392 4241 inter
407 4194 538 4241 tormento
551 4182 697 4240 contemni.
718 4181 836 4236 bisinnus

142 4277 193 4351 qnia
212 4292 264 4333 non
279 4277 411 4349 parcendo
429 4275 554 4347 corpori,
576 4276 663 4332 eidem
679 4274 758 4331 etiam
777 4290 837 4331 cor-

142 4367 272 4424 tnsulebat
284 4384 290 4422 :
305 4384 338 4423 ne
348 4367 417 4423 lorte
428 4366 551 4438 fugiendo
563 4365 722 4437 temporales
733 4379 835 4436 poennns,

142 4458 221 4514 istum
234 4458 365 4530 negando,
376 4458 446 4514 idern
460 4458 547 4528 ipsum
559 4471 656 4528 corpus
667 4455 754 4527 ptenis
766 4470 837 4510 senn-

144 4565 158 4606 s
180 4559 207 4608 et
230 4551 403 4608 atrocissimis
427 4550 564 4621 suppliciis
586 4549 741 4604 destinaret.
769 4547 838 4603 Hisne

142 4644 221 4699 ortari
234 4659 281 4700 nos
293 4644 419 4715 cupiens,
435 4653 463 4699 et
476 4658 519 4698 me
539 4643 623 4712 ipsum
644 4640 678 4697 ad
696 4638 837 4711 praesentio

142 4734 257 4799 rnendn,
274 4733 363 4790 lutura
378 4732 507 4805 speranda
523 4752 530 4788 :
546 4731 647 4789 Etenim
661 4731 687 4786 in
704 4730 751 4785 boc
764 4730 836 4784 iobi-

146 4824 330 4895 inpemt‘rcimus
348 4825 445 4896 grutem
453 4865 461 4891 ,
475 4830 501 4878 et
514 4833 601 4878 tamen
615 4821 683 4876 mori
696 4820 835 4885 nolumus,
856 4852 860 4867 ι

142 4915 147 4968 i
170 4915 286 4984 pondere
299 4915 486 4980 lormidamus3
507 4899 623 4968 rnoinmue
636 4913 701 4966 enim
714 4910 836 4983 spoliari,

142 5007 284 5075 pcrtestt'rt',
297 5018 324 5060 ut
337 5006 498 5060 absorbentur
513 4999 618 5058 mortale
631 5021 647 5057 u
665 5003 715 5056 oito
727 5001 762 5073 (ll
775 4999 835 5058 Cor.

155 5097 206 5153 bac
217 5113 281 5167 ergo
294 5097 434 5153 occasione
456 5097 490 5152 de
511 5096 642 5166 spirituali
654 5108 765 5165 corpore
778 5109 839 5150 sus·

143 5187 227 5259 liquid
255 5187 328 5259 loqui
342 5187 435 5253 nobis,
460 5196 487 5242 et
509 5185 630 5257 primitus
648 5184 837 5240 commendan-

142 5279 210 5336 utani
229 5280 299 5335 banc
312 5281 396 5350 ipsam
413 5279 491 5350 hujus
503 5276 604 5349 fragilis
617 5286 645 5333 et
657 5277 838 5347 corruptibilis

142 5371 167 5427 is
180 5370 337 5438 sanitatem,
352 5380 381 5426 nt
394 5386 427 5427 ex
441 5371 497 5441 ipso
514 5384 640 5440 magnum
651 5369 751 5440 aliquid
765 5369 838 5425 inne·

142 5476 160 5517 s.
175 5461 326 5518 Invenimus
341 5463 367 5515 in
381 5462 438 5530 ipse
453 5460 567 5516 sanitate
587 5459 653 5515 nibil
666 5462 775 5516 sentire.
790 5460 838 5515 Et·

142 5553 211 5609 uuita
225 5552 352 5609 babemus
364 5552 435 5607 intus
446 5552 472 5606 in
487 5549 633 5606 uisceribns
649 5551 761 5610 nostris;
778 5550 838 5620 quis

142 5653 208 5701 tram
222 5643 302 5700 sciret
335 5643 385 5699 nisi
396 5644 422 5699 in
433 5641 589 5704 corporibus
599 5642 706 5699 laniatis
715 5639 840 5698 rideretl

873 357 982 415 Viscera
994 364 1084 415 nostra
1096 397 1104 425 ,
1118 356 1245 414 interiora
1260 365 1368 424 nostra,
1383 371 1444 430 quse
1456 357 1581 413 dicuntur
1598 359 1665 416 inte-

872 447 958 515 stina,
980 446 1050 503 unde
1070 447 1215 503 norimus?
1231 448 1266 504 Et
1287 457 1351 504 tunc
1366 457 1408 504 est
1427 447 1544 514 bonum,
1558 449 1667 520 quando

872 540 916 596 iila
929 555 984 596 non
993 540 1131 596 sendmns.
1141 538 1252 609 Quando
1262 539 1334 597 enim
1342 540 1445 596 illanon
1453 541 1594 609 sentimus,
1604 552 1668 598 tnnc

872 631 930 687 sani
939 646 1041 687 sumus.
1054 629 1220 696 Dicisaticui,
1229 631 1532 688 Observastonnaehum.
1542 633 1670 704 llespon·⁴

872 720 919 778 det
934 720 991 789 tibi,
999 720 1067 791 Quid
1079 732 1121 777 est
1134 722 1306 788 stomachus?
1319 722 1394 779 Felix
1406 723 1553 795 ignorantia
1562 743 1569 780 ι
1579 725 1667 782 nescit

873 811 919 868 ubi
930 811 1041 880 babeat,
1052 811 1123 883 quod
1136 827 1242 882 semper
1255 815 1349 869 sanum
1364 813 1452 871 babet.
1465 815 1493 871 Si
1504 830 1598 872 sanum
1612 831 1668 874 non

873 901 1001 970 baberet,
1023 903 1151 959 sentiret:
1166 902 1189 959 si
1203 905 1324 974 sentiret,
1336 920 1390 960 non
1411 905 1483 961 bono
1497 921 1547 961 suo
1560 907 1653 963 sciret.

908 991 1021 1049 CAPUT
1039 992 1160 1051 lli-9.
1170 993 1289 1050 Celeriter
1300 1012 1437 1067 corporum
1448 998 1594 1053 celestium.
1613 999 1669 1054 An·

874 1082 988 1153 panum
1003 1099 1118 1155 corporo.
1139 1083 1193 1142 Sed
1211 1085 1334 1156 quamvis
1345 1086 1450 1144 laudata
1464 1089 1585 1159 eorporis
1597 1090 1671 1145 sanl-

876 1184 929 1233 tate
948 1177 1067 1232 venienus
1089 1176 1123 1233 ad
1148 1177 1313 1235 celeritatem
1336 1190 1442 1247 motus,
1467 1191 1495 1237 et
1520 1183 1670 1254 invenimus

875 1281 925 1322 nos
937 1267 1076 1338 plumbeos
1089 1269 1204 1339 quodam
1218 1269 1422 1338 modo.Quanta
1431 1281 1473 1328 est
1480 1273 1603 1329 celeritas
1611 1288 1669 1331 etst-

876 1357 983 1414 lsstinm
1008 1361 1168 1429 corporum?
1189 1360 1236 1417 Vis
1261 1376 1340 1418 nosse
1362 1372 1461 1434 qnnntn
1485 1365 1541 1420 siti
1557 1365 1671 1423 intueris

876 1448 980 1514 solem,
996 1458 1023 1505 et
1035 1449 1081 1504 tibi
1094 1450 1197 1506 ridetur
1209 1453 1284 1522 quasi
1303 1467 1355 1508 non
1370 1464 1518 1522 moveatur,
1534 1464 1562 1510 et
1580 1464 1672 1513 nmen

876 1549 1008 1607 movetur.
1021 1539 1101 1597 Forte
1111 1540 1178 1598 dicis
1188 1560 1195 1596 ι
1207 1541 1337 1608 Moretur,
1350 1544 1396 1599 sed
1411 1546 1520 1601 tordius.
1535 1546 1580 1602 Vis
1592 1561 1672 1605 nosse

877 1638 975 1700 quanta
995 1629 1133 1687 celeritate
1154 1633 1311 1689 moveatur?
1333 1633 1379 1689 Vis
1404 1636 1506 1690 ratione
1528 1636 1671 1708 colligere,

878 1720 950 1792 quod
969 1736 1021 1777 non
1035 1720 1119 1777 sentis
1132 1724 1263 1792 aspectu?
1284 1723 1312 1778 st
1327 1733 1398 1780 recta
1411 1725 1452 1780 nia
1465 1725 1500 1782 nb
1512 1725 1615 1784 oriente
1627 1741 1675 1785 us·

878 1825 930 1880 que
944 1812 970 1865 in
984 1811 1149 1866 occidentem
1162 1811 1190 1868 in
1203 1813 1254 1869 bac
1268 1822 1338 1870 terra
1360 1814 1465 1871 veredis
1487 1816 1599 1887 quisque
1611 1832 1673 1873 cur·

879 1908 968 1968 roret,
991 1916 1039 1970 per
1061 1911 1127 1971 quot
1143 1901 1201 1957 dies
1219 1903 1388 1972 perveniret?
1400 1903 1524 1972 Qualibet
1543 1921 1673 1977 equorum

880 1991 1018 2047 uelocitate
1038 1993 1162 2059 ferretur,
1176 2004 1241 2064 quot
1255 1995 1408 2052 mensiones
1422 1996 1529 2065 ageret?
1551 1996 1674 2067 Spatium

880 2082 982 2139 itineris
994 2083 1028 2138 ab
1040 2083 1115 2139 initio
1129 2080 1238 2140 orientis
1250 2099 1336 2156 usquo
1358 2085 1392 2141 ad
1418 2086 1499 2142 tinem
1522 2086 1671 2143 occidentis

880 2173 937 2240 sol,
950 2173 995 2249 qui
1011 2173 1058 2229 tibi
1070 2173 1175 2233 videtur
1186 2182 1276 2240 stare,
1300 2191 1353 2231 uno
1375 2174 1420 2231 die
1440 2176 1566 2245 coniicit,
1581 2184 1608 2232 et
1622 2192 1675 2233 una

879 2274 958 2320 nocte
979 2263 1013 2319 ad
1027 2273 1115 2320 ortum
1137 2265 1215 2320 redit.
1241 2264 1309 2322 Nulo
1320 2265 1429 2330 dicere,
1450 2261 1512 2337 quia
1530 2268 1674 2325 obscurum

880 2364 935 2421 est,
951 2364 979 2411 et
991 2353 1024 2410 ad
1038 2354 1248 2426 persuadendum
1262 2355 1389 2423 dilticile,
1403 2356 1445 2412 nel
1458 2355 1579 2413 fortassis
1588 2357 1675 2413 inccr-

881 2453 955 2511 tuns,
971 2460 1050 2516 qoam
1062 2445 1120 2502 sint
1133 2447 1217 2517 spatia
1231 2447 1350 2504 coelestia
1374 2446 1458 2502 multo
1490 2463 1569 2518 quarn
1588 2455 1675 2505 terre·

881 2538 946 2594 stria
960 2537 1063 2594 latiora.
1092 2538 1159 2594 Cum
1173 2554 1237 2611 ergo
1250 2539 1387 2596 uideamus
1399 2547 1497 2595 ιιιιιιιιιι
1511 2540 1677 2597 celeritatem

881 2629 1028 2685 celestium
1050 2644 1213 2699 corporum,
1233 2645 1293 2700 qne
1314 2630 1392 2686 nobis
1414 2630 1540 2687 videntur
1554 2648 1615 2688 cunt
1633 2642 1675 2689 rt·

882 2718 1026 2775 tenduntur
1038 2734 1091 2775 non
1114 2719 1233 2786 moveri;
1248 2720 1290 2776 cui
1303 2721 1431 2778 celeritati
1444 2737 1600 2795 computare
1613 2739 1676 2795 pos·

881 2822 974 2863 sumus
987 2823 1084 2879 corpus
1094 2809 1261 2881 angelicum?
1271 2811 1420 2867 Adinernnt
1429 2813 1519 2880 etiam,
1532 2823 1561 2870 et
1570 2816 1677 2884 qmndo

882 2898 1022 2958 uoluerunt
1046 2913 1076 2953 se
1100 2898 1304 2970 conspiciendos
1331 2901 1528 2973 tangendosque
1553 2904 1677 2972 prebue-

882 2996 955 3044 runt.
969 2987 1046 3044 Lavit
1057 2990 1165 3059 Angelis
1185 2989 1266 3061 pedes
1285 2991 1421 3047 Abraham
1446 2991 1521 3064 (Gen.
1536 3010 1619 3062 xnttt,
1635 2996 1676 3067 d).

870 3080 941 3138 'Non
963 3083 1048 3138 solum
1063 3082 1128 3138 lenit
1143 3082 1187 3139 illa
1200 3099 1329 3154 corpora,
1350 3100 1443 3141 nerum
1468 3087 1548 3143 etiam
1571 3100 1679 3145 contre·

883 3174 973 3230 ctanit.
994 3177 1199 3245 apparuerunt,
1226 3184 1255 3230 ut
1278 3176 1433 3242 noluerunt,
1458 3178 1565 3248 quando
1587 3180 1680 3237 uoluu-

883 3274 963 3335 runt,
976 3266 1072 3338 quibus
1095 3267 1249 3323 noluerunt.
1262 3267 1331 3323 Nilril
1348 3268 1527 3337 dislicultatis,
1542 3273 1608 3329 nibil
1620 3289 1680 3329 om·

884 3358 948 3413 nino
962 3357 1094 3414 tarditatis
1109 3358 1235 3414 sentiunt.
1254 3359 1306 3415 Sed
1319 3375 1372 3417 non
1386 3361 1561 3419 eosuidemus
1572 3379 1680 3422 curren·

885 3459 935 3516 tes,
945 3465 999 3506 non
1011 3466 1058 3508 eos
1078 3450 1199 3508 ridemus
1214 3452 1248 3528 de
1263 3453 1323 3508 loco
1336 3453 1362 3508 in
1375 3454 1462 3511 locum
1475 3457 1636 3528 migrantes,
1649 3470 1679 3517 ut

884 3556 1025 3597 nossemus
1044 3543 1079 3598 ab
1100 3542 1185 3598 oculis
1209 3542 1345 3599 bominum
1368 3544 1535 3602 discedentes
1549 3567 1556 3603 :
1571 3549 1680 3619 quando
1724 3536 1743 3556 ³

884 3632 1039 3696 noluerunt,
1055 3642 1245 3703 pervenerunt.
1258 3632 1317 3689 Non
1336 3644 1378 3689 est
1390 3651 1454 3706 ergo
1469 3636 1538 3693 unde
1551 3640 1632 3695 etiam
1644 3641 1679 3698 de

886 3721 944 3778 istis
973 3721 1200 3779 evidentissimum
1230 3723 1376 3781 celeritatis
1409 3727 1487 3797 liujus
1513 3731 1680 3799 praebeamus

886 3814 1046 3884 exemplum.
1059 3813 1219 3870 Omittamus
1232 3815 1383 3887 incognita,
1397 3826 1424 3872 et
1436 3817 1470 3874 de
1480 3819 1629 3892 inexpertis
1639 3823 1681 3879 ni·

887 3904 923 3959 bil
937 3914 1037 3962 temere
1050 3920 1211 3975 presumere
1221 3906 1377 3965 audeamus.
1669 3966 1672 3972 .

922 3992 1035 4052 CAPUT
1053 3994 1088 4051 X.
1098 4025 1134 4036 -
1153 3994 1197 4051 tu.
1213 3995 1292 4052 nacta·
1304 3998 1371 4053 oceli
1380 4000 1503 4057 celeritas.
1516 4001 1545 4057 ln
1558 4002 1610 4060 boc
1622 4005 1682 4076 ipso

886 4100 1012 4157 corpore,
1023 4085 1094 4158 quod
1104 4096 1249 4158 gestamus,
1263 4086 1371 4145 inuenio
1381 4091 1489 4163 aliquid,
1500 4094 1576 4165 cujus
1589 4096 1682 4153 inelle-

887 4176 968 4233 bilem
983 4178 1064 4234 mirer
1076 4179 1252 4236 celeritatem.
1265 4179 1334 4249 Quid
1358 4195 1400 4239 est
1412 4183 1484 4241 boel
1498 4186 1599 4245 lladius
1612 4192 1683 4247 ocull

887 4271 988 4338 nostri,
1011 4287 1063 4343 quo
1076 4273 1208 4345 tangimus
1220 4273 1349 4346 quidquid
1362 4279 1507 4335 cernimus.
1521 4281 1598 4348 Quod
1610 4284 1682 4339 enim

888 4360 981 4429 rides,
1003 4362 1072 4417 oculi
1086 4363 1124 4417 tui
1137 4364 1212 4419 radio
1224 4365 1368 4435 contingis.
1388 4367 1416 4424 st
1433 4368 1499 4423 telis
1518 4370 1608 4427 nidere
1621 4373 1681 4429 lon·

887 4450 965 4522 gius,
981 4460 1008 4506 et
1019 4451 1203 4521 interponetur
1217 4453 1325 4525 aliquod
1338 4470 1453 4527 corpus,
1468 4458 1545 4513 irruit
1556 4459 1683 4518 radiusin

888 4556 984 4612 corpus
1004 4544 1156 4614 objectum,
1178 4552 1207 4600 et
1226 4546 1341 4602 transire
1356 4562 1410 4602 non
1434 4550 1594 4616 permittitur
1610 4551 1684 4609 adid

889 4633 958 4704 quod
970 4632 1060 4690 nidere
1074 4635 1228 4702 desideras;
1249 4645 1277 4692 et
1290 4637 1356 4693 dicis
1370 4639 1540 4708 impedienti,
1554 4643 1620 4708 Exi,
1635 4643 1684 4700 ob·

889 4734 944 4780 stas
957 4725 1030 4779 milti.
1042 4723 1197 4781 Columnam
1209 4725 1250 4781 uis
1263 4728 1371 4794 nidere,
1386 4729 1467 4784 hotno
1477 4731 1503 4785 in
1519 4732 1607 4788 medio
1619 4744 1682 4799 stat,

888 4818 999 4890 impedit
1013 4818 1097 4873 aciem
1120 4827 1202 4875 tuam.
1224 4819 1324 4876 Radius
1343 4830 1402 4876 tuus
1424 4823 1537 4879 emissus
1561 4836 1618 4892 est,
1635 4827 1684 4883 sed

888 4900 1117 4983 pervenitousque
1141 4909 1176 4964 ad
1197 4908 1353 4976 bominem,
1381 4927 1465 4983 usquc
1485 4914 1518 4968 ad
1532 4915 1684 4974 columnam

888 4999 1031 5070 peruenire
1041 5014 1094 5055 non
1110 4998 1224 5054 sinitur:
1242 4999 1354 5055 incurrit
1368 5002 1395 5056 in
1410 5003 1483 5059 alind
1496 5005 1614 5076 aliquid,
1630 5023 1684 5063 non

889 5090 1059 5161 permittitur.
1073 5089 1143 5146 Eece
1154 5090 1199 5161 qui
1213 5091 1260 5148 tibi
1273 5092 1412 5159 obstabat,
1427 5093 1550 5151 discessit
1560 5111 1575 5152 e
1585 5097 1684 5166 medio,

889 5181 1010 5252 peruenit
1023 5179 1094 5235 acies
1107 5195 1161 5251 quo
1173 5180 1290 5237 nolebat.
1303 5182 1382 5238 ldodo
1393 5183 1506 5250 discute,
1520 5197 1547 5242 et
1560 5188 1583 5243 si
1598 5197 1684 5257 potes,

889 5270 979 5327 inveni
998 5280 1079 5342 atque
1092 5271 1243 5343 responde,
1259 5281 1347 5329 utrum
1360 5275 1432 5330 acies
1446 5277 1516 5344 ista,
1530 5276 1621 5334 radius
1634 5279 1685 5336 iste

889 5362 960 5418 oculi
975 5362 1100 5418 tuicitins
1114 5363 1277 5442 pervenitad
1291 5364 1452 5434 proximum,
1467 5367 1569 5423 tardius
1577 5367 1612 5424 ad
1627 5368 1685 5426 lon-

889 5453 1027 5526 ginquttm.
1043 5451 1136 5508 Vidisti
1158 5452 1292 5510 bominem
1307 5456 1336 5510 ln
1358 5458 1480 5527 proximo
1490 5461 1683 5529 constitutum,

890 5555 964 5603 ιιιιιιι
984 5562 1058 5603 mora
1071 5547 1145 5602 illum
1160 5546 1264 5614 vidisti,
1281 5557 1353 5604 ιιιιιιι
1374 5565 1447 5605 mora
1462 5552 1568 5610 adeum
1580 5554 1684 5612 rodium

892 5640 961 5697 oculi
976 5639 1012 5696 tui
1034 5637 1186 5705 tetendisti,
1201 5646 1273 5694 unta
1294 5655 1368 5696 mora
1383 5639 1417 5696 nd
1431 5657 1492 5700 eunt
1507 5643 1575 5700 oculi
1590 5645 1627 5700 tui
1641 5664 1685 5704 rs-
