3728 6276
193 228 263 287 msa
807 217 835 276 s.
856 211 1036 275 tbdbsllb'l
1055 213 1205 275 asismat
1757 217 1819 292 ,Μ

193 352 272 415 potus
284 340 397 396 babebat
408 347 435 395 et
444 339 587 411 hyssopum
604 333 692 408 (toan.
707 341 754 389 ιιι
766 375 774 401 ,
785 330 821 388 28
833 373 841 403 ,
853 329 909 402 ab),
919 343 980 400 quae
1033 326 1102 384 irater
1121 331 1171 387 alia
1184 333 1266 388 multa
1284 349 1340 391 sae
1365 336 1468 394 virtutis
1493 339 1605 412 insignia
1619 385 1628 411 ,
1641 342 1706 400 dicit
1721 351 1817 405 ctiam:

193 431 301 489 nuntiis
315 431 398 488 berba
415 429 505 487 radico
528 428 765 498 lortlssimapetrce
785 422 979 481 dicituriubac·
1033 415 1067 471 ln
1093 419 1184 491 tipiliit
1206 424 1299 495 sepias
1320 424 1354 496 (ll
1379 425 1439 483 Cor.
1472 445 1522 497 ιι,
1549 430 1606 507 97).
1630 433 1738 504 Quanto
1761 454 1818 511 erpo

193 538 263 584 rere.
277 524 361 580 Erant
372 520 505 594 quippein
519 521 564 576 illo
577 519 690 592 populo,
702 518 799 590 quibus
815 516 867 572 laoc
880 515 981 572 lacinus
1033 509 1147 568 alacrius
1169 513 1196 569 iu
1223 514 1273 572 bac
1296 518 1397 589 uigilia,
1411 521 1487 577 velut
1504 533 1590 581 matre
1614 528 1736 584 amidam
1750 547 1819 588 sane.

194 613 228 669 ad
241 613 429 669 humiliandam
447 611 600 684 poenitendo
621 609 735 665 animam
757 616 817 679 post
833 604 982 672 abjiciendo
1034 610 1119 660 larum
1141 606 1304 676 ripiliamm,
1331 611 1439 682 vigilare
1455 613 1602 682 debemus,
1626 618 1654 674 in
1675 635 1730 691 qna
1755 632 1818 680 totus

194 701 495 760 remunerandosque
515 716 562 757 eos
587 701 663 771 ipse,
683 697 729 770 qui
755 699 898 770 hyssopum
921 710 982 750 cnm
1034 693 1126 763 vigilat
1139 697 1276 754 mundosl
1289 700 1347 756 lion
1360 702 1404 759 illc
1418 704 1550 774 mundus,
1571 708 1605 765 de
1623 724 1677 782 qno
1695 715 1816 786 scriptum

193 802 271 850 aceto
285 793 439 864 accipiebat.
455 792 528 849 Nam
549 786 577 848 et
589 805 636 862 pro
648 791 688 848 eis
701 790 800 856 orauit,
824 790 893 844 sicut
914 787 982 844 :ilius
1034 792 1076 838 est
1091 803 1099 839 r
1113 785 1144 842 Si
1156 790 1211 859 qais
1219 791 1334 846 dilexerit
1345 795 1483 866 modam,
1496 815 1546 853 non
1557 810 1594 855 cst
1605 802 1721 860 cambas
1740 804 1819 864 Patris

195 884 356 956 evangelista
382 892 513 951 testatur,
528 899 588 939 cum
612 882 730 952 pendens
750 880 777 935 in
791 893 871 936 cruce
888 878 954 934 dixit
973 896 981 933 a
1034 875 1119 932 initio
1133 884 1474 960 :qnoniamomniaqrrocin
1486 891 1582 947 mundo
1606 905 1684 964 sunt,
1706 903 1817 956 conuti-

195 972 409 1047 Poter,t‘pnosrc
421 973 488 1043 ttttr,
503 974 563 1045 qnia
580 973 694 1028 nesciunt
712 971 774 1043 quid
784 971 880 1042 sonunt
906 967 980 1042 (Luc.
1034 969 1130 1023 nerito
1142 978 1225 1027 cornis
1237 979 1525 1049 est,etconcttpiaccntia
1539 983 1722 1054 oculatorum
1743 990 1816 1044 mibi.

194 1060 276 1132 11111,
290 1064 349 1135 bi).

231 1154 345 1211 CAPUT
357 1153 414 1211 itt.
428 1183 464 1195 -
477 1153 521 1208 11.
539 1151 595 1208 Vos
606 1152 696 1206 ultimo
704 1158 729 1206 ct
739 1149 871 1206 inclinatio
883 1148 981 1220 capitis.

193 1245 270 1316 Quod
282 1247 336 1313 ait,
360 1245 504 1318 Perfectum
528 1252 581 1312 est,
596 1253 619 1300 et
632 1245 754 1299 inclinato
777 1244 859 1314 capite
873 1241 984 1297 reddidit

194 1336 320 1407 Spiritum
332 1335 421 1409 (loon.
434 1353 479 1391 xis
490 1379 498 1404 ,
509 1334 571 1408 511);
584 1349 638 1390 non
651 1333 852 1399 necessitatem,
868 1331 915 1386 sed
935 1345 985 1402 po·

194 1437 317 1484 testatem
330 1444 386 1484 suae
399 1429 493 1484 mortis
505 1426 637 1494 ostendit,
656 1424 742 1481 donec
754 1424 842 1479 omnia
857 1439 915 1495 que
937 1436 984 1493 pro

194 1521 241 1577 llio
262 1507 418 1592 prophetata
431 1529 508 1577 cram
528 1519 720 1592 perlicerentor
732 1524 908 1587 exspectans:
923 1513 984 1586 qnia

194 1611 425 1681 otbocscciptum
440 1621 514 1677 erat,
531 1609 564 1664 m
583 1609 612 1663 in
628 1609 670 1664 siti
696 1622 752 1662 mco
777 1613 922 1679 potaverant
946 1619 986 1658 rne

194 1709 264 1756 aceto
278 1700 363 1772 (Psoi.
378 1717 475 1767 cxviii,
486 1700 532 1772 22)
549 1717 556 1753 z
571 1713 697 1770 tanquam
707 1706 864 1770 potestatem
883 1695 985 1751 babens

195 1792 311 1863 ponendi
338 1792 453 1848 animam
481 1807 574 1857 suam,
596 1790 664 1846 sicut
685 1798 712 1846 et
733 1790 791 1860 ipse
811 1797 921 1845 testatus
944 1796 985 1843 est

196 1882 286 1952 (doun.
298 1899 316 1938 x
328 1925 335 1949 ,
352 1882 407 1955 18).
423 1883 456 1939 Et
468 1882 584 1938 reddidit
596 1881 723 1953 Spiritum
734 1897 781 1952 per
790 1880 985 1947 humilitatem,

195 1973 247 2031 laoc
256 1983 316 2043 est,
331 1977 418 2046 eapite
428 1975 572 2042 inclinato;
587 1982 743 2045 recepturus
757 1988 818 2055 euna
837 1989 884 2046 per
897 1986 986 2029 resur·

195 2067 359 2135 rectionem,
372 2069 457 2140 capite
467 2067 615 2124 sublevato.
630 2067 710 2123 lstam
722 2076 834 2122 mortem
853 2075 880 2122 et
891 2064 984 2136 capitis

196 2157 395 2216 inclinationem
409 2174 512 2231 magnae
521 2159 659 2230 potestatis
673 2157 756 2215 luisse
765 2199 773 2226 ,
783 2157 867 2214 iacob
880 2158 925 2214 ille
939 2173 986 2228 pa·

196 2248 312 2305 triarelaa
327 2251 353 2304 in
366 2248 442 2305 iudae
464 2249 650 2305 benedictione
673 2247 868 2318 prenuncians,
892 2247 986 2303 Ascen-

196 2338 275 2406 disti,
290 2339 389 2408 inquit,
400 2339 560 2404 recumbere,
575 2339 688 2394 dormisti
698 2339 762 2394 sicat
771 2338 810 2393 lco
820 2335 897 2410 (Gen.
909 2353 985 2405 xcix,

197 2427 225 2501 9)
238 2448 245 2485 :
261 2446 309 2502 per
319 2431 503 2487 ascensionem
516 2440 629 2488 ritortem
639 2472 647 2497 ,
659 2446 709 2503 per
718 2431 821 2487 leonem
835 2430 987 2502 signillcans

196 2530 366 2593 potestatem.

231 2609 425 2667 cscbtxttt.
437 2611 526 2668 -15,
541 2608 623 2666 Crura
644 2610 798 2678 lotronilror,
812 2627 863 2666 nort
886 2609 987 2667 Claristo

195 2703 338 2773 confractu.
354 2699 477 2756 lantrero
492 2699 562 2772 quod
577 2700 630 2756 illis
641 2700 745 2757 duobus
757 2715 834 2756 crttra
852 2699 986 2756 conlracta
1012 2773 1018 2782 Ι

195 2791 323 2858 sunt,illi
336 2801 504 2858 autemnon,
518 2791 580 2863 quia
590 2790 730 2848 defunctus
744 2799 803 2858 est;
824 2807 906 2863 quare
929 2791 986 2847 lac·

197 2891 253 2940 tum
264 2884 308 2947 sit,
321 2883 406 2953 ipsum
417 2881 587 2953 Euangelium
597 2881 748 2938 declaravit.
760 2881 904 2952 Oportebat
914 2883 985 2939 enim

197 2982 228 3029 ut
239 2974 290 3030 isto
301 2974 382 3030 etiam
394 2973 471 3047 signo
485 2973 680 3030 demonstraret
695 2974 721 3029 in
735 2974 792 3045 ejus
811 2975 985 3045 praenuntiata

197 3065 358 3139 propbetia¹
377 3065 591 3121 commendatum
615 3080 675 3122 esse
697 3066 798 3121 Paselia
812 3066 984 3136 ludentum,

198 3156 243 3212 ubi
262 3156 313 3211 boc
326 3167 488 3227 preceptum
510 3165 571 3224 est,
595 3165 625 3212 ut
649 3155 707 3212 oris
726 3170 787 3212 ossa
802 3172 855 3217 raon
879 3158 985 3230 lranpe·

197 3256 268 3306 teni.

232 3338 345 3396 ctrbt
358 3336 427 3397 xit.
439 3367 476 3379 -
487 3338 531 3394 tt.
553 3336 664 3409 Scepsis
682 3347 706 3393 et
726 3354 818 3409 oquae
835 3338 920 3393 interis
934 3340 988 3394 ant-

193 3447 267 3488 mrt.
281 3429 357 3499 Quod
367 3431 436 3486 latus
447 3429 538 3486 lancea
550 3443 705 3499 percussum
719 3428 745 3483 in
755 3438 823 3484 terra
832 3429 986 3499 sanquinem

197 3531 335 3594 staquam
357 3519 492 3584 nocnerit:
520 3516 712 3591 proculdubio
737 3526 902 3574 saecanmma
926 3527 989 3574 sunt

197 3613 295 3686 quibus
308 3611 436 3669 lormatur
449 3608 586 3676 Ecclesia3
602 3617 725 3681 tanquam
741 3610 796 3665 Era
817 3610 885 3665 laeta
897 3611 930 3668 de
947 3612 987 3666 la-

198 3713 255 3762 tere
264 3701 422 3759 dormientis
434 3701 535 3766 noan,
548 3700 662 3772 quierat
674 3699 758 3756 lorma
770 3699 862 3756 loturi.
891 3691 897 3703 '

232 3792 347 3850 CAPUT
358 3790 506 3848 itt-ta.
516 3790 612 3862 dosepb
625 3801 649 3846 et
664 3788 818 3847 Nicodenms
832 3791 987 3861 sepelientes.

198 3886 275 3956 Quod
287 3884 387 3956 loseph
399 3894 426 3940 ct
437 3880 598 3940 Nicodemus
609 3898 671 3939 eum
685 3882 817 3954 sepeliunt
830 3880 919 3955 (ioan.
932 3899 986 3951 arx,

198 3976 296 4051 11-11)
308 3993 316 4045 ;
329 3979 397 4032 sicat
411 3975 530 4031 nortnulli
543 3975 650 4030 nomina
663 3975 826 4045 irttnrpretati
839 3984 921 4041 sunt,
941 3973 988 4030 io·

199 4069 265 4139 seph
279 4069 467 4136 interpretatur
479 4066 599 4130 Auctosa
613 4063 775 4120 Nicodemus
802 4075 911 4132 antem,
927 4064 988 4134 quia

199 4175 295 4216 nomen
306 4167 347 4214 est
374 4164 507 4228 praecum,
522 4155 642 4226 pluribus
652 4165 743 4210 notum
756 4165 798 4212 est
808 4155 877 4227 quod
895 4171 927 4212 ex
948 4156 988 4210 vi-

199 4249 283 4307 ctoria
294 4256 322 4304 et
347 4246 444 4319 popolo
456 4247 492 4301 sit
504 4247 697 4316 cunnensium:
713 4245 774 4315 qaia
797 4260 857 4306 moe
879 4245 987 4303 uictoria

200 4349 260 4407 est,
275 4343 346 4406 δῆμος
359 4335 481 4408 populus.
496 4334 562 4404 Quis
573 4342 616 4391 est
628 4348 692 4404 erpo
710 4333 849 4389 moriendo
871 4343 986 4400 auctus,

199 4434 250 4492 nisi
265 4433 310 4504 qui
322 4431 405 4497 dicit,
419 4428 534 4485 Granum
547 4428 623 4483 tritici
642 4429 665 4482 si
679 4428 884 4495 commoriatur,
906 4426 988 4483 colam

198 4536 326 4592 centonem
338 4526 360 4582 ri
372 4533 455 4579 cotem
467 4523 602 4588 moriatur,
616 4520 799 4592 multiplicatur
810 4517 865 4594 (ld.
876 4535 928 4588 ιιι,
940 4518 986 4587 tt,

198 4620 245 4694 25)
255 4623 268 4676 l
280 4620 311 4677 m
322 4617 382 4690 qais
395 4618 476 4674 etiam
491 4614 628 4671 moriendo
646 4621 844 4684 persecutorem
862 4614 988 4684 populum

199 4712 281 4780 sicit,
297 4711 348 4768 nisi
361 4708 406 4781 qui
422 4721 470 4764 eos
480 4704 645 4778 resurgendo
663 4703 810 4774 iudicabit?

433 4836 549 4899 scano
561 4835 685 4894 ccxix·
701 4835 749 4910 (a).

436 4971 744 5040 nordmaniam).

240 5085 340 5158 l't'pilim
361 5097 449 5140 torroe.
465 5079 626 5136 celebrando·
651 5081 785 5151 quontodo.
808 5078 903 5136 Beatus
920 5080 990 5137 Pnu-

201 5176 243 5234 lus
266 5176 402 5249 apostolus
427 5172 573 5230 cabortans
598 5184 647 5227 uos
661 5170 694 5226 ad
714 5170 887 5228 imitationem
901 5187 988 5240 suam,

200 5343 202 5347 .
233 5381 343 5443 ¹tteqius
362 5378 460 5438 onies,
477 5373 669 5442 prmrmdimdo,

231 5463 242 5485 ⁴
254 5462 396 5514 saaendatus
408 5470 446 5511 est
456 5461 517 5510 adr.
527 5466 545 5509 t.
558 5474 581 5510 r.
592 5465 619 5511 et
629 5465 682 5510 lov.

232 5545 260 5668 qa
282 5542 557 5604 doemoniorum.
857 5523 859 5527 ’
939 5598 946 5610 ο

207 5545 306 5722 ’31ῑῦ
324 5605 420 5655 midi!
438 5601 551 5675 ”JdJOElos
563 5614 615 5663 αι)
629 5601 667 5665 ld,
685 5596 795 5664 lcqllttr:
819 5604 885 5649 tter
898 5595 992 5681 vigillas

203 5676 244 5720 1”
277 5671 612 5730 sumntusngmtrtress
780 5690 785 5700 ,

1035 1057 1070 1111 tio
1082 1061 1168 1115 coruli
1180 1101 1188 1125 ,
1199 1078 1316 1133 pascnan
1330 1075 1365 1122 cst
1386 1083 1403 1120 o
1417 1067 1494 1124 Patre
1504 1070 1613 1141 (troas.
1626 1088 1664 1138 n,
1680 1076 1718 1133 15
1728 1088 1753 1132 et
1768 1079 1816 1151 tt).

1035 1145 1127 1203 Talem
1141 1151 1237 1222 quippe
1249 1156 1376 1211 mundum
1388 1199 1396 1224 ,
1408 1158 1486 1215 idest
1501 1159 1570 1218 illios
1584 1163 1768 1235 inauditam,
1782 1186 1816 1226 ro

1034 1248 1100 1307 gunt
1122 1240 1220 1298 diaboli
1235 1253 1262 1300 et
1273 1248 1359 1318 angeli
1374 1249 1451 1319 eius:
1465 1260 1560 1308 contra
1580 1270 1652 1325 quos
1676 1259 1755 1316 nobis
1766 1276 1817 1318 esse

1035 1329 1250 1391 colluctationem
1261 1336 1333 1392 idom
1344 1338 1408 1395 dicit
1419 1342 1572 1411 apostolus,
1583 1347 1630 1403 ubi
1644 1349 1703 1414 ait,
1720 1349 1816 1409 limet

1036 1421 1107 1476 nolis
1118 1423 1262 1482 colluctatio
1284 1428 1405 1485 adom
1424 1448 1525 1489 marm
1552 1446 1576 1491 et
1600 1439 1816 1510 medemnos

1035 1509 1154 1567 adoerius
1179 1516 1304 1588 principes
1325 1526 1348 1572 ct
1362 1528 1509 1590 potestates,
1531 1534 1557 1579 et
1575 1538 1688 1586 rectores
1715 1534 1813 1597 nandi,

1035 1602 1192 1658 tenebrarum
1202 1605 1293 1662 domm
1304 1607 1409 1681 (Epire.
1424 1628 1461 1680 rr,
1471 1612 1526 1685 tr).
1538 1615 1617 1685 Quod
1631 1631 1659 1676 ct
1671 1637 1721 1677 nos
1730 1624 1815 1680 luimus

1035 1692 1194 1765 aliquando,
1209 1712 1280 1753 nanc
1291 1708 1378 1756 autem
1394 1702 1439 1758 lux
1453 1705 1479 1760 ln
1499 1706 1622 1763 uomina.
1647 1709 1721 1769 Luce
1738 1715 1814 1786 itaqua

1035 1782 1197 1852 cipiliamm,
1221 1788 1378 1846 resistamus
1399 1794 1547 1851 rectoribus
1570 1799 1754 1858 tenebrarum.
1766 1802 1813 1860 lbra

1035 1886 1100 1943 erqo
1112 1873 1158 1931 ille
1170 1876 1283 1934 rutundus
1296 1878 1322 1934 iu
1335 1879 1385 1937 bac
1403 1882 1571 1942 solemnitate
1583 1887 1676 1959 vigilat
1690 1907 1697 1945 :
1710 1892 1757 1948 sod
1778 1893 1815 1950 illo'

1037 1961 1071 2018 de
1083 1979 1136 2035 quo
1148 1966 1262 2035 dicitur,
1276 1969 1346 2025 Deris
1357 1975 1447 2029 eratin
1456 1974 1556 2032 cbristo
1571 1981 1699 2036 mundana
1715 1986 1814 2039 noand-

1037 2053 1180 2124 11111ιεί11,
1194 2074 1244 2113 non
1254 2071 1374 2130 reputant
1383 2063 1436 2119 illis
1455 2064 1547 2121 delicte
1558 2084 1650 2124 eoram
1662 2070 1697 2143 (ll
1722 2072 1777 2128 Cor.
1786 2090 1813 2141 r,

1037 2144 1093 2216 19).
1107 2147 1262 2220 Quanquam
1277 2159 1330 2206 tam
1342 2153 1413 2208 clara
1427 2154 1462 2210 sit
1475 2156 1571 2227 vigilite
1595 2157 1678 2230 hujus
1689 2162 1814 2221 celebritas

1037 2246 1093 2292 toto
1104 2240 1169 2296 orbe
1178 2250 1326 2311 terrarum,
1342 2255 1371 2300 ut
1382 2246 1462 2302 etiam
1471 2248 1531 2304 illos
1540 2250 1654 2322 vigilare
1666 2269 1746 2311 carm
1753 2271 1814 2312 oon·

1037 2330 1138 2400 pellat,
1153 2334 1198 2403 qni
1210 2334 1306 2400 corde,
1323 2349 1375 2390 non
1389 2335 1495 2403 dicam,
1510 2338 1669 2411 dormiunt,
1688 2345 1736 2402 sod
1748 2356 1816 2402 tarta-

1037 2437 1081 2478 rea
1095 2425 1229 2494 impietate
1249 2426 1346 2497 sepulti
1371 2437 1442 2483 suun.
1458 2429 1572 2501 vigilant
1585 2434 1669 2490 etiam
1683 2437 1732 2506 tpsi
1749 2448 1816 2493 nocte

1037 2514 1105 2584 ista,
1118 2515 1152 2571 de
1164 2531 1216 2587 qua
1238 2517 1319 2573 etiam
1333 2519 1472 2577 visibiliter
1494 2522 1636 2591 redditur,
1663 2528 1735 2597 quod
1753 2538 1817 2585 tanto

1037 2615 1100 2663 ante
1112 2609 1272 2678 promissum
1282 2619 1345 2666 est:
1360 2610 1394 2667 lit
1405 2629 1457 2666 noa
1474 2623 1595 2685 torquant
1605 2617 1663 2673 dies
1679 2620 1817 2676 tmnnrtt

1038 2697 1329 2772 carduenorum,
1345 2702 1403 2774 11).
1419 2703 1524 2760 Fitltoo
1538 2705 1564 2760 in
1576 2707 1706 2766 oordilros
1714 2712 1816 2783 piorum

1037 2787 1134 2859 quibus
1145 2788 1246 2846 dictum
1259 2800 1323 2847 est:
1343 2791 1442 2849 Fuistis
1466 2794 1605 2864 aliquando
1619 2798 1744 2863 tenebre,
1761 2816 1817 2855 saur

1038 2889 1122 2934 aanrn
1135 2878 1181 2935 luc
1191 2879 1338 2937 inDomino
1348 2881 1455 2956 (Epiros.
1471 2901 1504 2952 v,
1516 2885 1555 2955 8).
1570 2887 1613 2943 Fit
1629 2887 1685 2947 hoe
1698 2891 1775 2947 etiam
1794 2892 1817 2947 11

1038 2970 1141 3026 morulis
1152 2971 1273 3028 omnium
1288 2973 1314 3037 ¹,
1329 2980 1357 3029 et
1369 2973 1516 3045 quivident
1539 2978 1566 3032 in
1587 2978 1721 3048 bmnium,
1735 2990 1763 3038 ct
1780 2983 1817 3053 qui

1038 3060 1158 3117 inrident
1169 3061 1292 3119 bomioo.
1308 3063 1405 3133 vigilat
1417 3079 1481 3136 erpo
1495 3067 1545 3123 ista
1569 3077 1652 3126 nocte
1672 3081 1701 3126 et
1716 3071 1817 3128 moade

1039 3151 1179 3220 inimicus,
1200 3162 1228 3208 et
1248 3153 1363 3208 mundus
1383 3156 1578 3212 reooraciliatus.
1602 3158 1700 3231 Vigilat
1713 3162 1774 3230 ists,
1793 3168 1817 3216 ut

1039 3241 1129 3299 laudet
1139 3244 1270 3300 medicum
1280 3244 1408 3301 liberatus
1422 3263 1429 3300 :
1445 3246 1535 3317 vigilat
1548 3248 1611 3317 ille,
1624 3260 1657 3306 ut
1666 3251 1817 3324 btaspueaet

1036 3333 1153 3404 judicem
1178 3335 1381 3392 condemnatus.
1407 3336 1501 3409 l'iqilat
1522 3339 1596 3407 iste,
1625 3343 1759 3400 mentibu
1776 3344 1817 3416 p‘n't

1041 3425 1147 3481 lactens
1158 3438 1187 3483 et
1199 3428 1337 3483 lucescens
1351 3445 1359 3483 a
1375 3427 1465 3500 vigilat
1473 3430 1534 3497 ille,
1546 3430 1675 3491 dentibus
1691 3437 1745 3493 suis
1756 3435 1817 3491 ltere

1039 3513 1145 3572 denset
1159 3519 1306 3575 tabescetis.
1319 3520 1439 3592 benique
1452 3521 1531 3578 btum
1543 3524 1682 3596 ebaritas,
1692 3529 1763 3585 illum
1774 3529 1817 3585 inl-

1041 3611 1128 3677 quitas
1141 3625 1149 3661 a
1170 3610 1250 3664 istum
1264 3610 1426 3667 christianus
1436 3612 1513 3684 vigor
1525 3653 1533 3678 ‚
1547 3615 1623 3672 illum
1636 3616 1817 3676 diabolicasli·

1041 3712 1089 3752 cor
1102 3714 1269 3770 nequaquam
1283 3701 1402 3758 dormire
1415 3702 1443 3758 in
1456 3703 1506 3759 bac
1516 3706 1679 3767 celebritate
1693 3711 1817 3782 permittit

1042 3788 1120 3845 [liudo
1141 3792 1183 3846 ale
1203 3790 1267 3860 ipsis
1289 3791 1369 3847 etiam
1392 3793 1490 3849 nostris
1514 3795 1632 3854 inimicis
1653 3800 1818 3857 uesolemibct

1043 3880 1219 3935 admonemur
1235 3881 1459 3952 quemadmodum
1484 3884 1632 3945 muamus
1655 3891 1763 3963 ripllare
1778 3905 1819 3962 pm

1041 3970 1137 4035 nobis,
1152 3971 1174 4025 si
1189 3981 1296 4041 propter
1309 3987 1359 4028 nos
1368 3973 1564 4044 uigilantetiam
1578 3979 1626 4048 qui
1645 3980 1765 4038 inritleot
1779 3994 1819 4034 ao·

1041 4059 1093 4115 bis.
1105 4059 1204 4114 Εοιιιιιι
1219 4062 1316 4133 quippe
1329 4063 1375 4133 qul
1387 4063 1460 4118 nullo
1485 4066 1565 4121 modo
1577 4067 1682 4126 Cbristi
1699 4082 1761 4129 suut
1779 4084 1818 4127 11·

1042 4152 1113 4208 ciritio
1136 4153 1303 4223 mrrrsiqnati,
1331 4163 1420 4210 tamen
1447 4156 1497 4211 ista
1519 4166 1602 4214 noae
1623 4163 1703 4220 multi
1722 4164 1816 4227 tane,

1040 4242 1118 4299 multi
1133 4243 1254 4314 pudore;
1271 4246 1391 4301 nonnulli
1402 4247 1541 4331 ctiamqoi
1554 4248 1620 4305 lldei
1636 4255 1816 4326 propinquant,

1041 4334 1089 4390 liei
1098 4336 1154 4405 janu
1165 4336 1260 4392 umore
1272 4351 1326 4392 non
1335 4336 1480 4395 dormiunt.
1498 4341 1618 4399 Diversis
1628 4348 1722 4403 camb
1735 4347 1817 4404 meio

1040 4441 1086 4484 eos
1100 4428 1148 4483 ista
1159 4428 1326 4484 solennitas.
1349 4429 1488 4498 montorio
1509 4447 1574 4504 erqo
1592 4434 1679 4494 debet
1696 4437 1818 4511 medendo

1041 4519 1151 4591 uigilare
1163 4520 1261 4576 Christi
1275 4522 1395 4591 amicus,
1416 4523 1523 4594 quando
1545 4535 1573 4581 et
1599 4527 1723 4588 dolendo
1745 4531 1818 4603 vqbt

1040 4612 1182 4667 iuimicus?
1192 4611 1332 4681 Quomodo
1345 4614 1371 4670 in
1383 4624 1455 4670 tarda
1467 4614 1566 4673 Christi
1579 4619 1667 4689 gloria
1687 4623 1817 4680 imment

1041 4703 1150 4773 uigilare
1163 4701 1340 4771 christianus,
1353 4705 1459 4776 quando
1470 4707 1605 4764 crubescit
1621 4710 1743 4769 dormire
1752 4724 1815 4784 part·

1040 4794 1113 4853 aas?
1125 4793 1265 4863 Quomodo
1276 4794 1354 4851 dccet
1364 4811 1426 4852 eum
1437 4836 1446 4862 ,
1456 4796 1501 4866 qul
1513 4796 1703 4857 banedornum
1713 4814 1814 4874 magun
1860 4790 1862 4817 ⁵

1041 4888 1165 4954 intrauit,
1186 4888 1212 4942 in
1236 4897 1307 4943 talita
1330 4889 1389 4959 ejus
1414 4890 1558 4948 testivitate
1578 4893 1712 4965 vigilare,
1727 4892 1813 4967 qoatdt

1040 4981 1096 5050 jaan
1110 4981 1199 5051 vigilat
1212 4980 1258 5050 qui
1271 4981 1389 5052 disponit
1401 4981 1523 5039 intraret
1537 4983 1686 5055 vigilemus
1703 5002 1778 5060 erqo,
1791 4989 1812 5040 ct

1043 5085 1168 5137 oremus;
1182 5080 1211 5125 ut
1221 5080 1249 5126 et
1258 5070 1405 5128 lorinsecus
1416 5080 1446 5128 et
1460 5074 1622 5134 intrinsecus
1637 5075 1707 5133 tune
1717 5076 1810 5149 riqiliau

1043 5161 1218 5217 celebremus.
1227 5161 1297 5217 Deus
1310 5163 1387 5218 euobis
1400 5163 1522 5234 loquatur
1532 5164 1729 5225 iniectionibus
1750 5167 1808 5226 triti

1044 5252 1100 5308 lieo
1122 5252 1262 5324 loquamur
1283 5252 1309 5307 in
1324 5253 1447 5323 precibus
1465 5254 1574 5311 noeais.
1602 5255 1632 5313 Sa
1652 5258 1754 5330 eloquia
1767 5253 1808 5325 eid

1042 5344 1199 5401 obedienter
1222 5344 1383 5413 audiamus,
1408 5346 1434 5403 in
1460 5348 1538 5405 nobis
1562 5348 1666 5407 babitat
1685 5366 1757 5424 quero
1772 5359 1804 5403 tt·

1041 5451 1144 5509 pamas.

1099 5653 1298 5705 'theodoricensis
1309 5660 1361 5718 lis,
1368 5666 1451 5708 mrum
