3750 6270
640 192 647 206 ‘
717 176 835 235 senno
851 177 931 235 bvtt.
1594 190 1649 253 ,m

98 288 125 347 tl
140 287 214 347 uam
231 288 312 346 modo
329 295 492 344 tractamus:
514 285 617 342 Dimitte
632 287 703 342 sobi
724 288 808 345 debito
861 289 1019 360 postulanti,
1032 290 1087 361 jam
1108 301 1184 363 potes
1197 293 1286 352 dicere
1304 295 1453 352 orationem
1475 298 1563 354 istam.
1579 301 1648 362 Etsi

98 394 122 446 t,
134 379 200 436 sest
213 389 237 434 et
250 396 297 434 sos
314 379 463 435 dimittimus
482 377 634 434 debitoribus
647 380 748 434 matris.
762 378 807 435 Sle
859 380 977 436 nondum
990 381 1101 439 idoneus
1112 398 1142 439 es
1151 384 1263 455 diligere
1274 388 1440 456 saeuientem,
1452 397 1541 448 tamen
1551 393 1648 451 oratlm

98 482 138 538 m,
152 470 280 535 Domine,
302 471 435 540 quomodo
452 469 621 527 dimittimus.
646 467 703 525 llos
719 469 804 527 dieis:
858 485 920 526 neto
943 470 1022 527 istam
1040 481 1116 542 putes
1131 473 1236 538 dicere,
1254 473 1357 531 Dimitte
1373 477 1443 533 nobis
1456 479 1539 535 debita
1553 484 1634 538 sormi

98 560 193 628 litte,
207 562 301 627 Datur,
320 561 365 630 qui
385 573 414 616 es
433 563 460 615 in
479 560 571 626 ctelis,
591 559 679 615 debita
697 568 804 626 nostra,
857 561 921 615 siest
932 571 1013 626 stubs
1027 561 1175 620 dinuittimns
1187 565 1339 622 debitoribus
1352 569 1455 624 nostris.
1470 571 1641 632 unimanus

98 651 150 711 eto
167 661 196 709 et
209 669 259 709 nos
276 652 433 711 dimittimus
444 651 608 707 debitoribus
626 651 734 706 nostris.
749 651 805 709 lloe
856 651 890 706 ad
900 651 1013 721 reliqna.

98 743 190 801 meere
202 743 406 814 debetisaquod
422 745 444 798 si
459 758 510 799 nort
525 742 658 810 leceritis,
676 743 803 811 peribitis.
890 743 937 799 ts.
953 743 1033 800 Serta
1047 743 1142 816 petitio.
1158 776 1194 786 —
1206 745 1239 801 Et
1252 763 1283 801 ne
1301 764 1347 802 nos
1367 749 1462 822 interm
1482 752 1510 807 in
1529 755 1644 810 entsdo-

98 833 126 897 lo
143 834 268 891 inimicus
282 835 384 889 neniam
405 833 488 903 petit,
510 833 638 889 continno
655 832 803 889 dimittatis.
857 849 924 887 nem.
940 831 1047 888 Dimitte
1058 836 1128 890 nobb
1142 837 1224 890 debita
1243 847 1337 904 nostro,
1353 842 1418 895 sieut
1436 852 1460 897 et
1472 859 1518 898 nos
1537 845 1646 900 dintitti-

98 929 241 987 umultum
253 926 287 981 ad
299 926 363 982 uos?
374 925 483 981 blultum
498 925 531 980 ad
544 932 570 981 te
583 933 651 990 erat,
670 925 803 981 inimletnn
856 940 912 979 mus
923 922 1075 980 debitoribus
1087 928 1300 999 nostris,proptsr
1313 930 1445 998 praeterita
1460 942 1566 1002 peceati
1580 933 1645 990 diri·

98 1034 123 1075 s
133 1018 309 1075 matertera:
325 1017 436 1071 multum
449 1016 534 1072 estad
548 1024 583 1083 te,
597 1017 730 1072 bominem
745 1017 804 1073 dili·
856 1029 932 1081 mus,
947 1029 1007 1085 quae
1022 1029 1075 1070 uon
1095 1031 1236 1086 possumus
1255 1018 1360 1084 lasere,
1376 1029 1405 1074 nt
1423 1022 1489 1076 laeta
1510 1037 1563 1078 non
1577 1025 1642 1079 sint.

98 1109 301 1183 mpplieanteml
318 1109 386 1178 Quid
401 1109 487 1165 dicis?
498 1109 643 1176 Smniebat,
656 1119 685 1166 et
696 1110 801 1167 oderas.
855 1106 935 1162 Potes
948 1120 1047 1175 agere,
1061 1115 1091 1161 ut
1110 1123 1163 1163 ιιοιι
1187 1107 1268 1164 iacias
1280 1110 1351 1179 quod
1372 1109 1455 1167 iecisti
1471 1131 1478 1167 :
1492 1114 1555 1183 qnid
1569 1115 1637 1185 agis.

98 1217 180 1259 ιιιιιι
191 1201 384 1259 impendisses:
402 1202 505 1259 mittem
518 1212 599 1271 sune,
613 1218 673 1258 cum
688 1204 802 1261 ιωιιιῃ.
856 1207 885 1253 ιιι
898 1213 950 1254 non
966 1199 1001 1254 sit
1015 1197 1112 1254 laetum
1128 1199 1197 1267 quod
1212 1199 1319 1256 iecisti?
1335 1201 1446 1272 Propter
1460 1203 1502 1258 illa
1516 1220 1575 1274 quse
1586 1205 1641 1276 janu

98 1295 226 1360 utereris,
241 1295 380 1350 Dominum
402 1293 579 1350 recordareris
593 1294 733 1358 dicentem,
749 1293 803 1349 Pa·
855 1288 924 1344 laeta
945 1298 1017 1354 sunt,
1039 1289 1090 1345 ista
1112 1286 1163 1345 'tibi
1189 1292 1321 1346 sententia
1344 1293 1473 1348 orationis
1493 1294 1639 1351 subvenit:

98 1387 246 1453 sssssillis,
260 1385 320 1456 quie
333 1385 515 1455 nescientquid
528 1385 625 1456 [acient
639 1384 713 1457 (Luc.
724 1401 800 1453 ratur,
854 1378 960 1434 Dimitte
980 1379 1051 1435 nobis
1075 1380 1157 1435 debita
1178 1392 1279 1448 nostru,
1303 1384 1367 1438 sicut
1386 1393 1411 1439 et
1431 1401 1477 1441 stus
1493 1386 1640 1443 dimittimus

98 1479 144 1536 loe
160 1494 226 1550 ergo
238 1493 400 1549 magnopere
413 1477 523 1540 uellem,
546 1486 575 1533 ut
594 1477 673 1532 etiarm
686 1492 719 1533 eo
731 1485 801 1533 tena-
853 1472 1005 1528 debitoribus
1017 1475 1120 1529 nostris.
1132 1474 1244 1545 Propter
1258 1475 1301 1531 illa
1314 1476 1341 1530 in
1354 1492 1414 1547 quae
1423 1486 1499 1548 potes
1511 1479 1638 1549 incidere,

98 1585 162 1627 mm
177 1570 204 1625 in
222 1580 249 1625 te
261 1569 387 1624 sanetus
398 1568 535 1634 inimicus,
549 1568 694 1638 respiceres
707 1568 800 1624 Domi·
852 1562 916 1634 quiid
930 1561 1034 1620 lanies?
1047 1561 1089 1619 Ne
1101 1581 1148 1619 sos
1161 1565 1255 1637 inferos
1270 1566 1298 1620 in
1312 1567 1490 1633 tentationum·
1503 1569 1548 1623 ssd
1560 1570 1639 1626 libem

98 1661 171 1717 lenm
182 1669 256 1715 tuum
268 1659 317 1713 ista
327 1657 470 1714 dieentem.
483 1657 535 1712 Sed
545 1654 614 1714 lorte
624 1656 743 1713 tlieturus
752 1673 797 1713 es:
852 1671 898 1710 uos
910 1672 927 1710 a
941 1656 1019 1711 mulo.
1034 1655 1076 1711 Ne
1094 1673 1139 1712 nos
1153 1657 1250 1728 inseres
1263 1658 1290 1711 io
1305 1659 1487 1725 tentationem
1503 1659 1549 1714 sed
1560 1660 1640 1716 libero

98 1748 158 1816 tte,
174 1749 222 1805 sed
239 1756 267 1804 ut
283 1749 427 1811 Dominus,
442 1748 503 1817 quia
523 1745 661 1815 Christus,
676 1749 737 1820 qtria
751 1749 799 1806 Dei
850 1762 897 1801 nus
912 1747 1026 1812 amulo,·
1042 1745 1092 1801 boc
1106 1756 1157 1813 est,
1172 1748 1207 1808 ab
1221 1748 1276 1818 ipsa
1293 1749 1448 1806 tentatione.

98 1880 108 1907 ,
127 1840 192 1912 quia
206 1839 377 1911 [inigenitus.
399 1840 459 1910 utria
475 1837 590 1894 Verbum
608 1853 671 1895 euro
689 1840 796 1896 laetum.
885 1834 997 1892 CAPUT
1011 1835 1080 1892 xlv.
1094 1865 1125 1880 ·-
1142 1837 1186 1892 19.
1203 1835 1341 1894 Petitiones
1357 1850 1406 1894 tres
1417 1849 1538 1896 teternmrt
1549 1842 1635 1906 uiant,

98 1945 140 2002 go
155 1930 241 1986 malus
255 1941 282 1986 et
294 1929 422 1985 inualidus
437 1929 533 1985 bomo?
545 1929 573 1984 Si
587 1930 697 1985 multum
711 1928 797 1986 estad
849 1936 873 1981 et
895 1937 945 1985 tres
964 1927 1040 2000 leuius
1061 1929 1118 1984 uitta
1145 1930 1301 1984 necessitates
1329 1931 1476 2000 respiciunt.
1504 1932 1538 1988 Et
1559 1945 1638 1990 erunt

98 2022 179 2079 ninus
194 2033 268 2088 tuus,
283 2023 440 2092 cogitetura
456 2032 481 2076 te
494 2036 637 2077 eorneruus
650 2034 720 2077 utens.
736 2021 796 2079 Ste—
849 2018 992 2087 petitiones
1005 2018 1059 2073 illm
1071 2028 1136 2084 tres,
1151 2018 1330 2089 Sanctificetur
1348 2037 1437 2076 nomes
1450 2031 1531 2076 tuum.
1548 2022 1638 2078 Veniet

98 2123 240 2173 ηιιιιιιιι
263 2113 450 2184 lapidabatur:
474 2121 501 2168 eu
525 2113 593 2168 inter
607 2113 707 2184 lapides
728 2129 796 2184 genu
848 2123 953 2178 aeonum
965 2117 1045 2174 tutum,
1061 2107 1122 2162 Fiet
1146 2110 1261 2165 uolutatus
1284 2120 1346 2176 tna,
1367 2111 1430 2165 siem
1451 2112 1478 2167 iu
1498 2113 1560 2168 eoelo
1572 2123 1595 2168 et
1608 2115 1635 2168 in

98 2222 122 2263 n
141 2207 259 2263 inimicis
272 2204 381 2269 orabat,
400 2213 428 2260 et
445 2204 498 2271 ait,
520 2203 643 2270 Dontirue,
658 2213 796 2261 aestatum
849 2205 938 2251 tore:
953 2206 1007 2254 tres
1020 2198 1078 2255 istae
1092 2199 1232 2270 petitiones
1245 2209 1307 2255 sunt
1321 2210 1428 2270 propter
1441 2202 1520 2258 uitam
1539 2203 1635 2259 liuma-

98 2309 260 2369 epeeeamm
270 2297 336 2365 (Act.
351 2311 403 2362 un,
418 2293 474 2367 59).
485 2294 525 2350 llli
536 2294 636 2365 lapides
646 2294 794 2362 mittebant,
847 2301 908 2342 nam
928 2284 977 2360 (a).
999 2287 1111 2360 Semper
1129 2290 1199 2344 enim
1219 2290 1409 2346 sanctificatum
1424 2291 1451 2346 in
1465 2293 1541 2349 nobis
1555 2294 1636 2350 debet

98 2387 175 2444 aum
189 2386 375 2458 murtenam:
391 2385 472 2441 etttte
483 2384 691 2455 proetsomnau.
702 2384 794 2440 uatem
846 2390 1014 2434 monetam
1031 2379 1088 2445 net,
1106 2380 1248 2450 senueris
1264 2381 1413 2451 rennuens
1424 2382 1632 2451 monebamus,

98 2477 182 2536 avolo
194 2495 202 2531 ι
216 2476 330 2533 extende
351 2487 387 2531 te.
402 2475 470 2543 Quid
491 2459 574 2530 trahis
588 2489 694 2546 semper
707 2489 753 2530 σοι
767 2474 794 2531 in
848 2481 955 2538 semper
976 2468 1146 2529 uoluntatem¹
1167 2470 1226 2540 eius
1249 2471 1338 2527 lacere
1365 2472 1503 2529 debemus.
1530 2473 1586 2530 lloe
1605 2477 1633 2531 in

102 2568 191 2634 Audi,
212 2567 324 2623 seersum
339 2581 385 2622 cor
397 2584 404 2620 :
418 2565 545 2632 extende,
557 2551 645 2637 'dilipe
662 2565 792 2623 irnirnieos.
848 2567 976 2615 auruum
989 2560 1051 2615 erit.
1074 2559 1154 2615 Petit
1174 2560 1344 2631 uttotidlanus
1363 2562 1443 2618 modu
1455 2572 1496 2619 est
1508 2578 1633 2622 neeessa-

108 2671 187 2736 pote
198 2662 308 2733 diligere
320 2663 483 2728 metentem,
498 2659 579 2730 dilige
592 2660 633 2716 vn
648 2668 791 2731 pensarem.
848 2650 914 2705 rius·
927 2648 987 2705 tam
1008 2651 1042 2707 ab
1064 2649 1115 2706 hoo
1134 2651 1246 2707 aeneus
1265 2661 1362 2708 estere
1382 2669 1441 2723 aue
1463 2669 1580 2721 omaus,
1598 2655 1633 2713 ud

98 2753 231 2810 bominem
241 2754 285 2824 qni
294 2753 340 2809 tibi
350 2752 432 2808 dieit:
446 2751 548 2818 Fmter,
558 2751 676 2823 peceavi,
687 2751 793 2822 ignosce
845 2741 985 2810 presente
1008 2744 1072 2796 nium
1093 2742 1279 2798 necessitatem
1303 2743 1445 2813 pertinent.
1466 2745 1545 2803 Panis
1567 2762 1634 2816 queo·

98 2844 168 2902 lune
181 2845 204 2901 si
216 2861 269 2901 non
284 2845 430 2916 ignoveris,
447 2860 501 2901 non
520 2844 595 2910 dieo,
608 2843 682 2900 deles
695 2845 793 2899 oratio.
844 2831 959 2887 tidianus
979 2833 1007 2888 itt
1024 2832 1073 2888 bae
1085 2832 1138 2888 rita
1155 2835 1322 2891 necessarius
1343 2844 1402 2903 est;
1425 2835 1521 2892 dimitti
1542 2838 1632 2895 debita

98 2937 203 2995 seurde
218 2947 279 3004 tuu;
292 2937 339 2993 sed
353 2936 530 2993 delebertsdu
542 2936 609 2992 tibio
622 2936 679 2991 net,
844 2930 936 2977 nostra
956 2923 983 2978 in
1009 2920 1060 2978 hae
1075 2923 1129 2978 nita
1149 2924 1329 2981 necessarium
1354 2934 1404 2981 est.
1427 2926 1493 2985 llam
1515 2943 1575 2985 eum
1597 2931 1631 2987 ad

98 3027 151 3086 m·
169 3026 239 3083 χιιι,
251 3058 287 3068 -
301 3029 344 3082 ιι,
361 3026 504 3099 ιιικιριιω
522 3027 575 3082 ,ιιι
589 3025 657 3081 ,ιιι
683 3024 791 3081 [pp-„1:⁶0
843 3012 916 3068 illam
932 3014 1078 3082 veniemus,
1092 3014 1179 3072 debita
1195 3016 1310 3073 liteinins.
1323 3017 1352 3073 br
1371 3017 1422 3074 bae
1434 3027 1505 3076 terra
1519 3023 1631 3078 tentatio

122 3135 218 3191 nepum
241 3120 305 3173 nibil
322 3119 469 3189 ipsismet,
494 3117 538 3172 ted
561 3117 617 3172 sibi.
646 3116 675 3172 si
702 3126 790 3172 autem
844 3112 894 3170 est,
910 3105 936 3160 in
952 3105 1002 3162 luae
1022 3115 1092 3163 terra
1112 3108 1260 3179 periculose
1280 3110 1427 3180 navigatur,
1442 3113 1468 3166 in
1492 3112 1542 3169 bae
1561 3123 1632 3170 terra

98 3209 274 3281 teigrtoveris,
283 3209 325 3265 nel
335 3216 439 3264 tuureer
450 3207 531 3265 eorde
541 3207 673 3263 dimiseris
683 3207 788 3263 odinum:
843 3210 891 3267 per
905 3198 986 3254 rimas
1000 3198 1170 3271 fragilitatum
1184 3201 1314 3258 subintrat
1326 3202 1435 3274 aliquid,
1450 3205 1521 3274 meod
1535 3204 1632 3262 debeat

98 3299 162 3356 dieo
176 3297 294 3354 dimittas
305 3313 338 3354 eu
351 3297 446 3363 eorde,
459 3312 513 3353 non
530 3295 706 3366 disciplinam.
721 3293 790 3362 Qttid
842 3293 981 3348 sentinari.
994 3294 1061 3350 Cum
1073 3303 1162 3349 autem
1177 3294 1238 3351 laeti
1251 3295 1379 3351 fuerimus
1391 3298 1506 3367 annales
1520 3299 1628 3369 burgella

99 3390 147 3462 qui
168 3391 235 3462 petit
245 3390 366 3457 reniam,
382 3389 548 3461 mstigandns
566 3398 608 3445 est
625 3403 641 3443 a
662 3388 724 3445 mel
738 3388 791 3445 Fae
843 3382 906 3449 Dei,
924 3384 994 3441 absit
1017 3395 1046 3440 ut
1068 3385 1204 3452 dicantus,
1217 3387 1286 3441 absit
1306 3397 1334 3442 nt
1356 3403 1478 3458 rogetnus
1492 3389 1586 3456 Deutn,
1602 3397 1631 3445 ut

98 3482 157 3539 tls:
179 3492 243 3553 puto
265 3483 336 3540 enim
357 3481 428 3554 quod
450 3482 534 3538 lilium
558 3491 631 3537 tuum
654 3481 742 3552 diligis
763 3490 792 3538 es
841 3475 955 3532 dimittat
976 3477 1067 3533 debita
1090 3489 1192 3546 nostra,
1216 3495 1275 3551 quite
1296 3480 1366 3535 utnulla
1388 3489 1476 3536 erunt.
1498 3482 1547 3539 llie
1564 3499 1629 3555 erpo

98 3573 212 3630 uoeuis.
230 3573 372 3646 Laerynms
386 3572 535 3644 vapulantis
549 3588 601 3627 non
620 3586 715 3637 euras;
728 3573 789 3642 quia
843 3567 918 3638 panis
931 3569 1110 3640 quotidianus,
1126 3571 1170 3625 irie
1192 3580 1220 3624 nt
1243 3571 1330 3626 debita
1352 3572 1527 3639 dimittantur,
1542 3573 1585 3631 bie
1600 3585 1630 3630 ut

98 3662 221 3720 ediunm
234 3678 338 3720 sertas.
350 3663 406 3734 Epo
418 3662 470 3718 boe
482 3663 552 3727 dieo,
567 3670 596 3717 ut
608 3661 642 3719 de
654 3662 736 3717 eorde
749 3662 790 3717 di·
841 3673 895 3712 non
911 3659 1039 3715 intremus
1062 3661 1090 3714 in
1105 3661 1296 3724 tentationem:
1312 3662 1373 3732 quia
1396 3663 1421 3719 in
1441 3663 1484 3718 illa
1499 3665 1553 3720 rita
1567 3674 1627 3720 ten·

99 3755 203 3820 adium
217 3755 349 3826 quandoa
364 3765 390 3811 te
402 3755 505 3811 veniam
519 3753 723 3825 petitinimieus.
735 3750 788 3810 Sed
840 3748 906 3804 ertio
924 3763 977 3804 non
1000 3749 1104 3806 intrat:
1120 3750 1164 3806 lrie
1181 3761 1210 3807 ut
1229 3751 1373 3808 liberemur
1386 3769 1401 3808 a
1415 3755 1505 3822 malo;
1523 3756 1585 3827 quia
1599 3757 1628 3813 in

98 3847 169 3904 isis:
187 3845 322 3913 Mentitur,
337 3847 421 3918 lingit.
441 3845 556 3916 Diades
569 3843 658 3901 sordis
673 3844 752 3900 alieni
767 3845 787 3912 ¹,
840 3839 884 3894 illa
903 3839 956 3895 nita
981 3841 1079 3896 malum
1103 3842 1223 3911 nullum,
1246 3842 1293 3899 sed
1315 3843 1414 3900 imnum
1436 3846 1627 3917 sempiternum

98 3937 312 4010 umgenitum
324 3939 408 4011 patro
427 3939 480 4004 tut,
501 3937 546 3994 ute
564 3938 629 3993 mnus
650 3936 789 3995 iteremus
840 3927 1016 3998 mamanensi.

98 4031 179 4100 lugat,
195 4031 299 4084 rentiam
312 4030 378 4100 petit
391 4047 398 4082 a
414 4029 536 4095 dimitte,
550 4043 659 4101 prorsus
671 4027 785 4084 dimitte.
1086 4017 1200 4076 SERMO
1219 4020 1286 4076 ῙΝΙΙ
1301 4027 1310 4046 ’
1330 4023 1379 4093 (b).

98 4118 264 4188 mmmm,
283 4135 335 4174 not·
356 4119 394 4174 ιιι
412 4134 509 4187 noces,
524 4118 571 4175 seu
586 4118 642 4175 tibi.
660 4119 725 4174 nam
743 4119 790 4176 nte
839 4106 951 4165 aarum
963 4109 990 4164 n
1003 4108 1117 4164 lluttboei
1128 4120 1204 4181 cene
1215 4127 1257 4177 u,
1270 4112 1350 4178 tto,
1363 4114 1395 4168 ta
1411 4117 1524 4172 oratione
1536 4115 1624 4173 noin-

98 4209 179 4267 ldest
191 4209 318 4266 lauturus.
331 4209 388 4266 Non
401 4210 442 4266 tis
454 4220 480 4266 tu
499 4210 632 4268 dimittere
643 4225 787 4268 oottsernus
1078 4201 1146 4267 ⁸50⁰,
1160 4200 1195 4255 αδ
1209 4201 1390 4273 (Melum

98 4316 129 4359 ιο
140 4311 188 4357 tuo
200 4319 207 4356 :
221 4302 269 4357 ibit
283 4302 316 4357 ad
332 4303 470 4357 Dominum
486 4313 613 4367 uestrum,
629 4312 655 4357 et
668 4302 740 4358 (lieet
749 4304 785 4371 ei,
875 4308 989 4366 CAPUT
1003 4310 1210 4369 nstituit-t.
1226 4314 1374 4386 Symbolum
1387 4319 1466 4388 prius,
1476 4331 1529 4374 tum
1537 4321 1628 4379 Denuo

98 4408 121 4463 r,
133 4394 224 4463 rogari
235 4409 396 4450 eottseruutn
405 4409 504 4458 mentm,
516 4403 546 4449 ut
554 4394 702 4450 dimitteret
710 4395 784 4461 milui,
839 4400 974 4456 trudendo.
993 4401 1065 4459 Ordo
1079 4413 1120 4459 est
1136 4405 1318 4462 edificationis
1342 4420 1451 4476 uestrae,
1470 4419 1498 4465 ut
1516 4412 1627 4470 diseatis

98 4482 125 4539 it
143 4483 292 4549 dimittere;
314 4493 342 4539 tu
364 4483 427 4539 rutilii
449 4485 562 4540 dimitte.
583 4483 714 4556 Numquid
733 4502 786 4541 non
840 4490 913 4561 prius
927 4490 990 4562 quid
1003 4493 1135 4558 credatis,
1151 4504 1178 4550 et
1192 4506 1281 4565 postea
1295 4496 1357 4566 qnid
1373 4501 1477 4568 petatis.
1494 4501 1537 4557 Sic
1551 4503 1624 4559 enim

98 4573 186 4631 mitro
206 4574 292 4631 debita
314 4576 434 4631 relaxare
455 4576 524 4630 serti
545 4576 604 4631 suli
618 4575 665 4633 llle
679 4586 787 4648 aeoepta
838 4584 903 4639 dicit
923 4584 1076 4656 Apostolus,
1103 4585 1183 4641 Erit:
1200 4588 1280 4642 onrnis
1302 4590 1345 4658 uui
1367 4590 1516 4646 innoemsrit
1535 4610 1625 4648 neotum

98 4685 102 4720 t
114 4665 228 4722 Domino
242 4667 342 4722 recedit
355 4667 501 4732 absolutus,
515 4676 541 4722 tu
555 4683 678 4724 remanes
687 4669 787 4740 obliga·
841 4671 952 4740 Domini,
967 4674 1053 4730 salust
1076 4676 1132 4730 erit.
1157 4677 1213 4734 ilne
1228 4681 1407 4736 testimoninm
1421 4682 1512 4739 beatus
1528 4683 1625 4742 Paulus

98 4758 212 4814 ”modu
224 4758 371 4830 oblipatnsl
384 4759 528 4815 Venturum
550 4768 590 4815 est
609 4769 712 4831 tempus
723 4776 785 4817 ora·
839 4765 928 4834 posuit
940 4766 975 4821 de
988 4767 1115 4838 propbeta
1131 4787 1137 4822 ι
1153 4770 1213 4841 quia
1228 4771 1353 4840 praedicta
1367 4783 1428 4829 sunt
1450 4789 1498 4845 per
1509 4775 1623 4846 propleu-

115 4857 258 4906 venturum
280 4859 321 4905 est
342 4850 473 4916 uldieas,
495 4849 598 4905 Dintitte
616 4851 686 4906 nobis
704 4850 787 4906 debito
839 4865 893 4911 tam
915 4858 965 4912 ista
986 4867 1117 4930 tempora,
1141 4861 1248 4932 quando
1267 4878 1360 4920 omnes
1382 4864 1526 4921 irn·oeatnri
1549 4878 1625 4924 erant

111 4937 177 4995 deas
191 4947 214 4993 et
227 4956 273 4994 sos
292 4939 439 4995 dimittimus
453 4941 605 4995 debitoribus
616 4941 728 4998 nostris:
744 4957 786 4998 re·
840 4945 944 5001 Deum:
967 4946 1020 5014 Qut
1042 4950 1192 5006 intumuerit
1211 4969 1301 5008 nomen
1325 4951 1437 5022 Domini,
1460 4956 1544 5011 suiuus
1567 4959 1624 5013 erit.

98 5028 197 5086 bittibi
209 5030 345 5094 Dominum,
358 5029 435 5086 Seme
447 5047 563 5102 nequem,
577 5033 786 5088 enmtututttmt'bi
840 5036 872 5090 Et
884 5037 1005 5107 adjunxit
1027 5057 1034 5094 :
1060 5041 1193 5108 Quantodo
1213 5053 1296 5098 nutem
1315 5045 1480 5112 inuocabant,
1504 5048 1531 5103 in
1552 5065 1625 5122 euos

104 5161 113 5188 ,
127 5123 223 5194 reposti
237 5139 290 5189 me,
309 5133 332 5177 et
345 5122 428 5178 diarrisi
442 5123 504 5189 tibi,·
526 5139 608 5178 nortae
621 5124 749 5192 oportebat
760 5134 786 5180 et
838 5142 889 5181 nun
901 5127 1078 5184 erediderunt?
1089 5141 1133 5190 ont
1144 5133 1269 5202 montedo
1280 5135 1390 5203 credent,
1403 5154 1476 5207 qums
1487 5155 1537 5193 son
1550 5139 1626 5197 audi·

98 5213 152 5267 ruri
168 5213 280 5267 mummi
297 5214 348 5278 tui,
366 5214 430 5268 siem
446 5222 469 5268 et
485 5230 530 5283 epo
542 5215 578 5269 tsi
595 5215 710 5271 misertus
728 5232 785 5271 sum
837 5218 932 5271 erunt?
944 5215 1077 5283 Qsmodo
1091 5232 1174 5277 ostem
1186 5223 1299 5290 audient,
1319 5226 1374 5280 sine
1388 5229 1563 5298 prodeuntes
1580 5242 1624 5288 oet

98 5339 106 5356 .
119 5316 200 5369 astru,
211 5301 257 5370 ab,
270 5303 327 5373 bb).
345 5304 383 5359 De
396 5303 538 5373 Evangelio
551 5313 613 5358 snm
625 5303 705 5360 uerba
718 5306 783 5374 ista,
837 5307 962 5378 mutando
979 5312 1162 5383 prndieubsnt,
1176 5314 1260 5370 dnos
1278 5317 1409 5373 mittuntm
1425 5318 1506 5392 (leel.
1519 5336 1556 5392 n,
1571 5324 1623 5394 δὶς

105 5390 190 5448 eorde
200 5407 270 5447 uteo.
280 5391 308 5448 Si
318 5402 406 5447 antem
419 5403 526 5463 rogatus
537 5392 670 5448 dimiseris
680 5394 785 5450 reniam
869 5445 922 5495 'ad
933 5459 971 5509 gr.
983 5459 1003 5495 Γ.
1016 5444 1083 5496 mim·
1096 5455 1147 5497 par.
1159 5454 1204 5500 mv
1227 5449 1371 5502 emendam

98 5537 111 5587 ῑ,
121 5522 204 5584 adom
215 5525 286 5576 abest
296 5538 310 5575 a
321 5526 453 5588 potioribus
463 5531 517 5576 tiss.
529 5524 600 5576 naulo
612 5532 666 5590 post
676 5525 735 5577 editi
743 5526 784 5576 lra-
868 5528 906 5651 Q
920 5535 999 5589 rorte,
1010 5536 1134 5580 murnum

108 5586 413 5653 commemorarentur&
429 5587 782 5652 nbinmomnempotristai.
922 5588 1181 5644 aliasdeuiuersistl.
