3728 6276
57 232 130 292 tw

56 359 120 402 mus
142 340 278 416 momodo
300 341 371 414 passi
399 349 463 398 sunt
483 347 629 411 martyres,
654 334 800 409 gaudemus
822 344 850 392 et

56 437 238 510 glorificamus
250 435 277 490 in
290 435 345 491 iilis
358 435 462 491 Mum:
477 447 528 488 nec
539 430 663 487 dolemus
673 427 737 500 quis
749 425 849 482 mortui

57 539 131 588 sunt.
143 527 248 586 Etenim
262 528 285 584 si
297 527 394 584 mortui
407 540 457 597 pro
470 524 576 581 Christo
588 535 641 578 non
655 527 756 585 essent,
769 534 849 574 num·

57 620 123 693 quid
144 634 227 691 usquo
240 617 320 674 hodie
335 616 473 673 viverent?
490 614 579 684 Quare
595 627 648 668 non
663 611 763 668 iaceret
782 623 848 664 con-

58 712 161 778 lcssio,
184 710 255 782 quod
274 708 375 764 lactura
394 708 481 764 lucrat
499 703 647 777 aegritudo?
659 701 777 758 Audistis
788 715 850 773 per·

57 803 227 876 sequentium
255 799 496 871 interrogationes,
522 795 633 852 audistis
665 790 849 850 confitentium

57 892 264 964 responsiones,
284 906 345 947 carm
356 898 509 945 sanctorum
521 885 610 956 passio
620 884 763 955 legeretur.
777 881 850 937 inter

57 994 176 1049 metesa,
204 982 283 1054 quale
301 989 359 1036 erat
376 978 442 1035 iliud
464 977 534 1034 beati
553 973 693 1032 Fructuosi
713 970 849 1043 episcopii

57 1075 126 1131 Cum
139 1073 164 1132 ei
177 1073 279 1131 diceret
292 1071 416 1144 quidam,
429 1079 456 1126 et
469 1076 571 1141 peteret
583 1075 614 1122 ut
631 1080 692 1122 eunt
712 1063 740 1119 in
759 1071 850 1119 mento

59 1168 189 1233 baberet,
208 1174 236 1223 et
249 1171 339 1221 oraret
353 1179 400 1234 pro
413 1163 471 1229 illo,
487 1160 624 1232 respondit
638 1176 645 1214 :
660 1156 704 1213 lle
715 1172 789 1211 orere
803 1171 848 1210 ne·

58 1275 127 1315 cesse
143 1267 180 1314 est
199 1274 245 1330 pro
266 1255 379 1313 Ecclesia
397 1252 523 1308 catholiea
534 1292 542 1318 ,
555 1249 586 1305 ab
608 1249 703 1305 oriente
722 1262 800 1316 usgue
815 1243 850 1298 ud

58 1351 213 1405 oscidesuen
234 1345 338 1414 diffuse.
359 1344 424 1414 Quis
436 1344 508 1400 enim
520 1351 579 1397 orat
592 1356 640 1412 pro
651 1339 781 1411 singulis?
797 1336 850 1393 Sed

60 1442 196 1499 neminem
207 1440 369 1510 singulorum
380 1436 507 1509 preterit,
521 1434 566 1506 qui
579 1441 637 1489 orat
649 1446 700 1505 pro
709 1428 848 1486 uniuersis.

58 1533 146 1590 Abeo
159 1531 259 1589 nubunt
274 1531 422 1585 membrum
440 1525 664 1599 pretermittitur,
681 1520 851 1593 cujusoratio

59 1643 110 1700 pro
130 1635 187 1683 toto
205 1640 317 1695 corpore
333 1621 463 1678 funditur.
482 1617 551 1689 Quid
573 1632 638 1689 ergo
654 1615 730 1672 vobis
746 1613 851 1670 ridetur

58 1716 233 1775 admonuisse
246 1715 344 1781 istum,
355 1728 371 1769 a
383 1726 437 1784 quo
451 1709 593 1782 rogabatur
600 1718 630 1764 ut
638 1714 729 1762 oraret
741 1720 790 1777 pro
799 1704 851 1760 eol

58 1809 124 1883 quid
137 1807 254 1880 putatis?
264 1804 328 1861 Sine
343 1802 425 1861 dubio
433 1801 591 1872 intelligitis.
599 1794 850 1855 commemoramini

58 1901 175 1960 anobis.
190 1899 309 1970 liogabat
327 1897 372 1952 illc
390 1905 421 1950 ut
439 1901 529 1950 oraret
549 1907 598 1964 pro
617 1889 788 1961 distingo,
807 1887 849 1943 in·

57 1993 128 2066 quit,
142 2007 189 2047 oro
207 2006 252 2061 pro
271 1986 386 2042 Ecclesia
401 1983 541 2049 catholica,
558 1983 590 2036 ub
606 1984 700 2037 crisme
717 1994 795 2051 usgue
816 1977 850 2031 ad

58 2084 215 2142 uendentem
235 2079 339 2148 diffusa.
361 2078 402 2135 Tu
424 2078 447 2134 si
467 2078 507 2133 ris
526 2085 555 2132 ut
570 2091 618 2147 pro
639 2085 664 2130 te
680 2089 774 2140 orern,
795 2072 850 2128 ιιοιι

57 2176 188 2234 recedere
200 2175 235 2230 ab
247 2174 303 2239 iila,
317 2187 365 2243 pro
378 2186 430 2242 qua
441 2185 500 2225 oro.

94 2265 210 2324 CAPUT
232 2264 276 2320 lli.
296 2293 333 2305 -
357 2263 385 2317 5.
413 2262 571 2332 Responsum
604 2257 709 2329 Eulogii
738 2256 849 2312 diaconi.

59 2357 188 2430 llurtgres
201 2355 352 2420 honorandi,
367 2353 434 2408 Deus
444 2352 572 2407 colendus.
584 2348 694 2404 diortus's
708 2347 851 2402 leominibus

744 223 858 283 sunno
876 222 1037 283 actutu.

901 335 937 391 lo.
968 333 1112 406 Aquilonia
1139 333 1211 391 enim
1239 347 1302 406 pars
1325 333 1418 391 mundi
1441 333 1535 407 trigida
1559 344 1611 392 cst
1637 333 1695 393 Sub

901 426 1010 483 diabolo
1022 436 1149 498 tanquam
1168 426 1219 482 sub
1231 427 1354 498 aquilone
1371 428 1467 484 animm
1487 428 1634 500 [riguerunt
1645 469 1653 497 ,
1666 438 1695 486 et

901 517 1039 573 charitatis
1057 516 1147 574 calore
1161 517 1264 588 perdito
1278 519 1442 589 gelaverunt.
1462 518 1515 574 Sed
1538 519 1639 592 quidsi
1652 518 1695 576 di·

901 602 989 662 citur?
1000 605 1227 679 Exsurgeuqnilo.
1241 607 1343 662 Sufficit
1353 607 1422 677 quod
1434 607 1586 679 incubuisti,
1597 608 1696 665 suflicit

900 697 973 768 quod
1002 695 1160 766 possedisti,
1183 696 1282 752 suflicit
1297 696 1366 767 quod
1389 713 1470 768 suaper
1490 684 1636 768 prostratus
1651 714 1696 757 rc·

900 788 1015 843 cubuisti
1029 806 1037 843 :
1049 786 1174 859 Exsurge.
1189 785 1262 854 Verri,
1273 795 1367 853 auster,
1382 800 1477 843 sentus
1490 787 1523 844 de
1538 789 1695 860 parisiacis

901 885 981 948 atque
995 875 1107 930 fervoris
1119 893 1126 930 :
1140 885 1163 930 et
1175 878 1256 947 pergin
1271 876 1371 930 lrortnau
1386 893 1486 944 ntenm,
1498 887 1521 932 et
1535 879 1615 949 fluent
1633 894 1694 934 sso-

902 979 981 1023 mute.
996 967 1047 1025 lsta
1061 967 1141 1038 paulo
1153 975 1215 1023 ante
1227 975 1345 1022 arouaata
1359 966 1524 1038 legebantur.

935 1059 1048 1117 CAPUT
1063 1059 1095 1114 V.
1105 1090 1141 1100 —
1150 1059 1177 1116 5.
1190 1058 1322 1125 dramata,
1336 1059 1418 1114 suncti
1434 1070 1457 1115 et
1472 1071 1605 1134 nmstgres.
1625 1061 1693 1132 Qua

901 1160 964 1206 sunt
986 1152 1036 1205 ista
1058 1151 1197 1208 arontatai
1210 1150 1248 1206 lle
1272 1151 1369 1221 quibus
1392 1151 1458 1207 dicit
1479 1151 1535 1223 ipsa
1557 1152 1694 1212 bomiuica

901 1258 999 1317 sponsu
1012 1261 1019 1299 :
1032 1241 1095 1299 Post
1117 1243 1220 1298 odorem
1241 1252 1425 1315 unquentorum
1445 1255 1545 1299 tuorum
1563 1261 1694 1303 curremus

903 1337 1014 1410 (Canta,
1030 1334 1069 1410 a).
1083 1334 1166 1407 Cujus
1177 1335 1267 1392 odoris
1280 1351 1383 1392 mernor
1394 1337 1532 1407 apostolus
1541 1336 1692 1395 Paulusdi·

901 1430 938 1484 eit
951 1445 959 1482 ι
973 1427 1066 1484 Christi
1081 1428 1160 1482 lenus
1173 1426 1237 1482 odor
1248 1443 1334 1482 sumus
1346 1427 1372 1481 in
1385 1427 1454 1481 omni
1473 1427 1543 1495 loeo,
1560 1438 1585 1482 et
1605 1428 1633 1485 in
1652 1427 1694 1486 itis

900 1520 943 1589 qui
955 1519 1018 1574 mini
1031 1519 1135 1588 putatet
1147 1518 1173 1572 in
1183 1517 1272 1588 bisgui
1283 1527 1396 1588 pereunt.
1404 1517 1527 1588 Magnum
1538 1532 1694 1579 sacramen·

901 1618 956 1665 tum
970 1608 1081 1665 :Claristi
1092 1608 1171 1664 bonus
1184 1608 1248 1664 odor
1265 1625 1351 1663 mmus
1367 1608 1394 1663 in
1411 1609 1479 1664 earini
1497 1609 1562 1677 loun
1578 1618 1602 1666 st
1612 1610 1640 1667 in
1653 1611 1694 1670 ltt's

900 1708 943 1780 qui
955 1709 1019 1763 salui
1032 1708 1106 1778 fiunt,
1118 1717 1142 1762 et
1151 1707 1177 1761 in
1191 1707 1230 1762 liis
1242 1709 1284 1779 qui
1297 1716 1409 1780 pereunt.
1427 1706 1581 1774 Quibusdam
1592 1705 1694 1778 quidest

901 1802 964 1857 odor
981 1803 1038 1858 oitoe
1055 1804 1083 1858 in
1101 1806 1196 1871 nitunt,
1217 1804 1367 1876 quibusdum
1388 1805 1451 1859 odor
1464 1805 1552 1858 mortis
1569 1802 1604 1857 ud
1624 1818 1694 1858 ntor-

902 1903 961 1948 tum.
973 1893 1007 1949 nt
1020 1895 1054 1950 ud
1069 1897 1122 1952 lnce
1137 1896 1307 1967 intelligenda
1320 1899 1376 1966 grais
1389 1897 1493 1952 idoneus
1514 1896 1555 1967 (ΙΙ
1579 1896 1639 1952 Car.
1656 1910 1692 1961 tt,

902 1984 1014 2058 ll-ld)?
1032 1985 1172 2050 Quomodo
1198 1987 1284 2042 bontas
1303 1988 1371 2042 orior
1391 1989 1458 2043 alios
1478 1995 1602 2058 vegetat,
1625 1984 1694 2059 alios

902 2077 996 2131 necati
1019 2077 1108 2133 Bnnus
1123 2078 1208 2145 odor,
1224 2094 1276 2133 non
1290 2080 1385 2136 maius.
1404 2079 1463 2136 Non
1477 2080 1548 2135 enim
1562 2079 1622 2134 ait:
1640 2077 1694 2134 iio-

901 2183 951 2223 nus
963 2168 1030 2224 odor
1042 2169 1126 2225 bonos
1138 2179 1260 2242 vegetat,
1274 2178 1302 2227 et
1314 2170 1401 2225 malus
1415 2171 1482 2227 odor
1501 2172 1587 2226 malos
1600 2177 1690 2225 necat.

900 2260 958 2315 Non
972 2262 1030 2318 ait:
1046 2262 1112 2318 Aliis
1124 2262 1230 2334 guidem
1251 2277 1344 2318 sumtus
1363 2263 1431 2319 odor
1443 2264 1531 2319 bonus
1544 2261 1578 2319 ad
1591 2261 1692 2328 vium,

901 2352 959 2408 aliis
971 2353 1038 2408 odor
1048 2353 1133 2408 malus
1142 2353 1177 2409 ad
1187 2362 1311 2409 mortem.
1326 2354 1385 2410 Non
1396 2354 1510 2410 bocait:
1524 2352 1588 2418 sed,
1598 2349 1693 2408 ciunt

58 2449 144 2503 cultus
155 2463 172 2500 u
184 2444 297 2518 Paganis
310 2445 447 2515 inmensus.
461 2442 545 2511 Quale
558 2450 599 2496 cst
611 2440 691 2496 etiam
710 2437 775 2493 illud
789 2452 851 2492 san·
900 2442 979 2496 botrus
993 2442 1056 2497 odor
1068 2459 1155 2498 sumus
1167 2444 1193 2498 in
1206 2444 1275 2498 omni
1286 2445 1351 2498 loco.
1367 2443 1414 2499 Vm
1428 2444 1551 2509 miseris,
1565 2456 1633 2513 quos
1645 2439 1695 2498 bo·

58 2540 96 2596 cti
120 2536 235 2603 dissoni,
252 2535 296 2607 qui
316 2550 376 2590 euru
395 2534 520 2603 episcopo
539 2548 588 2586 suu
608 2542 703 2601 passus
724 2536 751 2584 et
770 2542 849 2583 coro·
901 2549 951 2588 nus
964 2535 1032 2590 odor
1044 2535 1153 2591 occidit.
1168 2535 1195 2592 Si
1209 2551 1272 2607 ergo
1285 2536 1371 2591 bonus
1384 2535 1451 2615 odor
1465 2535 1546 2598 estis,
1561 2531 1689 2615 oPaple,

58 2641 139 2687 natos
153 2627 268 2686 cstirlit
281 2625 406 2697 illijutlex
420 2643 426 2680 :
440 2623 572 2693 Numquid
590 2632 613 2678 et
631 2631 660 2676 tu
678 2619 866 2703 Fructuosuns·
901 2642 985 2696 qaaere
1008 2627 1059 2682 ism
1080 2627 1147 2683 odor
1169 2628 1236 2683 aiios
1257 2627 1370 2694 occidit,
1390 2626 1457 2682 apog
1478 2624 1603 2696 vegetas?
1616 2621 1694 2692 Quod

58 2721 144 2778 wilt?
157 2719 192 2776 Εῑ
204 2719 248 2774 ῑιῙθ
267 2737 274 2773 ²
296 2716 351 2788 ¹39⁰
368 2733 417 2769 ²¹⁰t¹
434 2714 490 2768 ⁶⁰²⁰
509 2712 687 2778 Ffttdsst’ttms
701 2710 747 2766 Μ
767 2709 850 2766 ΒΜ
900 2717 968 2772 alios
990 2696 1110 2786 tiegerus,
1125 2718 1222 2785 audio,
1245 2718 1364 2789 intelligo
1380 2716 1471 2789 :quod
1492 2717 1558 2773 alios
1579 2713 1691 2784 occidit,
1718 2713 1722 2726 '

59 2812 128 2877 eolo,
142 2828 215 2884 quem
231 2810 290 2864 colit
307 2819 330 2863 et
346 2805 513 2862 Fructuosus.
529 2802 681 2872 Quomodo
695 2801 849 2858 nosadmo·
900 2805 1008 2862 difficile
1027 2823 1156 2878 assequor
1170 2828 1179 2870 ς
1194 2807 1309 2863 maxime
1330 2809 1390 2878 quia
1411 2807 1516 2870 dixisti,
1531 2805 1565 2861 Et
1585 2805 1621 2860 ud
1637 2805 1694 2861 ιω

59 2905 140 2969 ιιιιιι,
166 2912 197 2958 ut
220 2909 349 2971 martyres
372 2897 553 2960 honoremus,
568 2903 596 2951 et
614 2909 674 2950 cunr
688 2891 850 2964 inartgribus
901 2899 957 2967 guis
976 2898 1103 2954 idoneus?
1124 2898 1182 2954 Non
1205 2907 1248 2955 est
1271 2900 1367 2955 mirum
1380 2898 1440 2970 quia
1463 2913 1516 2954 non
1531 2895 1693 2954 sumusido-

61 2996 147 3050 neura
174 2990 302 3049 coturnus.
326 2988 416 3059 tueque
440 2987 510 3044 enim
533 2987 599 3041 tales
619 2999 681 3041 esse
706 2982 849 3048 debemus,
901 2989 1129 3047 recusaturos
1156 2990 1284 3058 idoneos,
1308 2993 1384 3058 cuim
1411 2990 1479 3046 auor
1508 2997 1568 3046 eras
1585 2989 1621 3044 ue
1638 3001 1694 3061 quo

59 3084 154 3157 quates
168 3082 288 3153 paganos
302 3079 432 3135 notemus.
452 3077 485 3132 ιι
499 3074 606 3147 attidem
618 3074 657 3130 tiu
669 3085 788 3130 mortuos
802 3074 851 3129 no
900 3081 1043 3150 longanimus.
1057 3081 1117 3138 ciro
1131 3084 1201 3138 enim
1222 3083 1286 3138 mitri
1309 3083 1453 3154 respersum
1466 3080 1612 3154 apostotus
1625 3098 1632 3138 :
1647 3079 1692 3136 tn-

60 3177 150 3231 urines
160 3173 261 3230 colunt.
277 3172 316 3227 illi
330 3170 426 3241 qtrippe
440 3183 544 3234 oannes,
555 3182 667 3238 priorum
681 3166 788 3221 uomina
800 3180 850 3221 uu·
900 3170 1100 3244 mliige‚cgrigri
1114 3174 1192 3229 pom„
1205 3175 1364 3229 0410„me
1377 3176 1405 3228 p,
1416 3175 1486 3228 ,mna
1496 3174 1563 3239 20⁶0,
1578 3183 1602 3228 ι,
1611 3172 1639 3227 g„
1650 3170 1692 3228 gg,

60 3269 135 3332 ditis,
146 3267 240 3338 quibus
249 3264 502 3334 temptacousuucu
511 3270 582 3325 suut,
594 3261 715 3316 bomiscos
724 3259 850 3328 luerunt;
900 3263 942 3333 gui
953 3264 1016 3317 suini
1029 3265 1103 3334 fiunt,
1116 3273 1140 3318 et
1154 3265 1181 3318 ia
1193 3263 1232 3320 iis
1244 3265 1287 3332 qui
1299 3275 1412 3336 pereunt.
1425 3263 1481 3320 Nos
1497 3275 1588 3322 tantm
1604 3262 1693 3323 honus

61 3370 88 3416 et
110 3360 139 3414 in
161 3359 241 3413 rebus
265 3355 386 3411 bumauis
409 3353 560 3408 babuerunt
580 3352 700 3423 plerique
718 3359 852 3407 corumet

61 3465 132 3522 pene
144 3464 237 3504 omnes
257 3447 356 3517 regiam
376 3451 543 3514 potestatem.
560 3440 665 3496 Auditis
676 3440 768 3496 iorem
780 3482 787 3508 ,
801 3455 850 3496 au·

61 3542 126 3597 ditis
143 3538 293 3603 Herculem,
308 3534 406 3591 auditis
418 3534 579 3603 Neptunum,
590 3531 686 3585 auditis
699 3530 849 3596 Plutonem,

61 3631 232 3696 ilercurium,
248 3629 372 3684 Liberum
393 3635 420 3681 et
438 3632 550 3679 caeteros
571 3639 579 3676 a
599 3622 720 3677 homirius
734 3620 850 3676 luerunt.

60 3722 193 3790 boroista
218 3721 304 3775 solum
328 3718 354 3772 iu
377 3716 473 3771 tabulis
494 3723 643 3785 poetarum,
667 3711 714 3768 sed
728 3712 809 3768 etiam
823 3713 852 3768 in

61 3814 172 3872 historia
182 3812 299 3884 gentium
310 3809 489 3866 declarantur.
496 3806 546 3877 Qui
556 3807 686 3877 legerunt,
696 3815 827 3861 noverunt
842 3823 850 3859 ι

61 3906 107 3980 qui
121 3921 177 3963 iton
192 3905 328 3977 legerunt,
343 3901 454 3957 credaut
467 3899 564 3970 eisqui
577 3888 707 3970 legerunt.
727 3896 767 3953 lili
788 3913 852 3969 crgo

61 3997 187 4056 homiues
209 3993 345 4052 beneflciis
365 3990 521 4064 qsribusdam
544 3987 733 4060 temporalibus
745 4003 788 4043 res
801 3987 852 4042 bu-

60 4104 157 4148 mauas
178 4087 228 4144 sibi
247 4085 454 4143 conciliaverunt
471 4090 498 4136 ct
517 4080 551 4134 ab
571 4079 721 4134 iionriuiltus
739 4078 814 4133 vanis
826 4086 852 4133 ct

61 4195 131 4237 sarra
145 4175 306 4234 sectantibus
321 4174 355 4229 ita
368 4173 419 4228 coli
434 4176 581 4241 coepcrunt,
593 4178 622 4222 ut
632 4168 668 4223 dii
683 4177 851 4238 uocarentur,

61 4270 99 4327 dii
121 4268 299 4333 haberentur3
314 4274 439 4334 unquam
453 4261 503 4316 diis
518 4258 616 4330 templa
633 4257 837 4326 aedisscarcutur,

60 4372 190 4433 tanarsm
209 4357 260 4413 diis
277 4355 482 4425 supplicaretur,
497 4360 621 4422 unquam
643 4349 695 4405 diis
715 4365 769 4405 are
788 4365 853 4406 eon-

60 4446 239 4514 st'ruesentur,
263 4455 388 4516 tauqimm
411 4442 463 4497 diis
483 4440 635 4496 sacerdotes
653 4439 851 4511 ordinarentur,

60 4556 189 4614 uinquam
204 4539 255 4596 diis
268 4539 382 4594 uictimae
397 4535 606 4591 immolarentur.
634 4600 637 4605 ῃ

98 4629 212 4688 ausui
226 4628 270 4685 lV.
281 4628 352 4683 -l.
363 4625 497 4697 Tentplum
514 4633 538 4679 et
556 4623 710 4693 sucrificium
730 4624 776 4680 uni
796 4641 853 4680 uero

59 4722 118 4780 D'eo
131 4722 251 4778 delitum.
266 4719 405 4788 Templum
420 4724 509 4772 autem
529 4715 602 4771 solus
621 4715 692 4770 bears
713 4730 790 4770 verris
805 4715 854 4771 ba-

901 3355 977 3422 odor,
999 3356 1057 3410 aliis
1075 3355 1138 3411 odor
1156 3356 1214 3410 ains
1232 3356 1265 3409 ud
1281 3357 1367 3424 nitunt,
1390 3357 1447 3412 aliis
1468 3356 1531 3412 odor
1552 3355 1640 3411 mortis
1658 3357 1694 3411 ud

901 3456 1015 3500 mortem.
1025 3445 1098 3502 0dor
1109 3446 1159 3503 iste
1168 3454 1274 3518 repetat
1282 3446 1431 3518 diligentes,
1444 3456 1523 3503 necat
1532 3446 1692 3503 inridentes.

901 3537 930 3593 Si
944 3537 1015 3594 enirn
1029 3554 1083 3594 nou
1098 3547 1170 3596 esset
1183 3539 1314 3595 claritudo
1336 3549 1500 3606 sauctorum,
1525 3540 1623 3595 invidia
1638 3556 1693 3596 non

901 3639 1021 3701 surgeret
1044 3630 1196 3702 impiorum.
1220 3631 1308 3699 Coepit
1325 3631 1538 3700 persecutionem
1557 3630 1611 3699 pati
1626 3629 1695 3687 odos

902 3731 1054 3775 sauctorum
1075 3739 1082 3773 :
1105 3721 1152 3776 sed
1173 3720 1306 3791 quomodo
1328 3720 1452 3791 antpulloe
1473 3730 1692 3791 unguentorum,

901 3820 1000 3883 qrranto
1014 3812 1098 3882 magis
1111 3813 1312 3884 frangebantur,
1327 3820 1401 3866 tauto
1414 3811 1528 3882 amplius
1550 3810 1619 3869 odor
1639 3810 1694 3869 dil·

903 3907 1070 3962 scindebatur.

937 3997 1049 4054 ctPtlt
1068 3997 1112 4052 tt.
1121 3996 1192 4051 -o.
1211 3995 1291 4050 licata
1304 3995 1397 4066 Agnes.
1411 3995 1453 4049 Dii
1467 3993 1630 4067 Puguaorunt
1640 4009 1693 4049 nott

902 4087 1067 4158 eorrapnmudi
1081 4087 1245 4158 nanrtgrilus.
1262 4087 1336 4141 Beati
1351 4101 1464 4157 quorum
1478 4086 1566 4156 passio
1583 4085 1694 4141 recisus

903 4191 954 4236 est.
977 4181 1058 4236 Beata
1072 4181 1160 4250 Agnes
1183 4187 1286 4246 saneta,
1307 4180 1385 4246 euius
1405 4178 1534 4249 passionis
1549 4175 1694 4233 bardisanus

902 4283 944 4330 est
956 4275 1022 4330 dies.
1042 4272 1122 4344 Virgo
1140 4289 1201 4343 quae
1215 4272 1286 4343 quod
1301 4273 1457 4339 vocabatur,
1471 4280 1538 4326 erat.
1551 4271 1640 4341 Agnes
1652 4269 1694 4324 ls-

904 4367 959 4420 tiue
974 4377 1071 4434 agnam
1091 4362 1239 4432 signiticat3
1252 4376 1348 4430 grece,
1362 4370 1474 4416 castam.
1488 4360 1554 4415 Erat
1563 4358 1636 4430 quiid
1644 4374 1694 4414 uo-

903 4457 1012 4510 cubator
1023 4471 1031 4508 a
1043 4453 1139 4508 merito
1152 4453 1340 4509 concitabatur.
1351 4453 1419 4522 Quid
1430 4468 1503 4523 ergo,
1519 4452 1615 4507 iratres
1627 4450 1694 4520 mei,

903 4547 966 4618 quaid
978 4546 1053 4601 robis
1066 4544 1152 4600 dicam
1166 4545 1199 4600 do
1216 4544 1368 4599 bonriuibus
1387 4544 1441 4599 illis
1453 4558 1521 4613 quos
1532 4541 1631 4613 Pagsni
1644 4556 1695 4613 pro

903 4638 953 4691 diis
965 4638 1115 4699 colrieruut,
1128 4635 1225 4706 quilius
1235 4635 1343 4704 templa,
1358 4632 1517 4696 sacerdotia,
1530 4631 1634 4698 altaris,
1649 4644 1695 4688 ts-

902 4730 1002 4787 eriiuia
1026 4727 1221 4784 exiriluterumt
1243 4727 1311 4795 Quid
1332 4725 1408 4781 robis
1427 4724 1533 4779 ‹ticami
1552 4738 1608 4778 non
1634 4723 1694 4780 illos

59 4815 128 4872 bere
146 4813 244 4877 debet,
259 4809 416 4866 Sitiisssslum
438 4807 560 4864 801Ῑῦθο
578 4806 745 4862 V⁰f⁰⁰ff⁰fi¹
763 4807 852 4862 debeb
903 4836 963 4877 csse
983 4818 1177 4889 comparandos
1202 4818 1363 4887 martyribus
1391 4815 1508 4870 nostris?
1530 4815 1618 4871 Etiam
1643 4815 1696 4873 bos

58 4907 114 4964 ¹⁸¹²
129 4919 196 4975 ‘'80
206 4918 267 4975 ‘lssae
280 4900 410 4957 debemur
428 4900 479 4955 ¹¹¹0
493 4907 521 4955 0²
534 4899 637 4969 ῑῦιθιιθ
650 4900 694 4952 ὓΙΙῙ
709 4914 773 4954 ιθῐθ
787 4900 851 4965 ⁰⁰⁰,
903 4911 989 4979 ipsum
1006 4909 1100 4979 iniuria
1113 4909 1234 4978 estquis
1246 4907 1289 4962 sel
1302 4907 1372 4962 dico.
1386 4905 1614 4977 Quibuscumquc,
1628 4922 1696 4978 aaa

58 4996 223 5054 exiribebant
237 4993 327 5050 miseri
339 4991 444 5062 decepti
458 4990 547 5047 multis
565 4989 637 5046 salsis
649 4990 710 5046 diis.
724 4989 793 5047 ilinc
804 4991 854 5047 bu·
903 4999 1087 5069 libuscumque
1099 4997 1212 5052 iulirmis
1224 4996 1355 5062 lldciibus,
1370 4997 1433 5051 licet
1443 4996 1531 5054 adbuc
1543 4996 1695 5053 causalibus

59 5103 169 5146 suanam
192 5086 326 5142 maneam
355 5097 594 5156 patremmeum
624 5082 728 5138 obscum
754 5100 762 5138 ε
791 5084 854 5140 hinc
904 5100 931 5147 er
945 5091 1137 5152 laciomaus.
1153 5104 1205 5144 non
1221 5089 1291 5155 eruo,
1305 5087 1418 5143 uastam
1437 5088 1473 5143 ιιι
1487 5087 1609 5159 sacrilegi
1620 5101 1695 5143 com-

59 5180 182 5235 omnium
197 5177 336 5249 prostratis
350 5175 484 5231 mentibus
503 5173 625 5229 diabolus
649 5173 800 5230 incubabat.
820 5177 854 5231 At
903 5192 1039 5253 parentur.
1053 5181 1151 5237 Cutttru
1165 5197 1244 5234 sarram
1254 5180 1385 5234 aniculam
1401 5179 1507 5236 idaiam
1521 5178 1695 5238 christisttuus

60 5270 105 5326 ubi
129 5269 214 5342 gratia
237 5267 383 5325 saluatoris
406 5275 434 5321 et
468 5263 649 5320 misericordia
674 5264 720 5320 Dei
747 5265 853 5321 mandem
904 5269 1694 5343 quidvaletlunoicoutraunuminllrmumettrementest

61 5361 181 5431 Μβθῐῑῑ
205 5360 345 5430 indissnost
369 5357 507 5427 {militium
533 5363 575 5411 est
599 5356 670 5426 quod
699 5356 854 5428 prophetice
904 5365 1027 5419 omnibus
1041 5364 1168 5419 membris
1181 5377 1273 5418 senem
1291 5360 1465 5419 christianum
1475 5361 1538 5434 quid
1547 5362 1618 5420 uslei
1627 5360 1696 5421 iles·-

60 5449 220 5523 praedictum
235 5459 277 5504 est
288 5448 315 5503 iu
327 5448 437 5505 cornico
447 5446 630 5502 nauticorum:
647 5446 771 5520 Exsurge,
785 5451 854 5518 aaut
904 5456 997 5512 culm
1021 5454 1090 5511 pipp
1111 5453 1238 5522 pheuma,
1259 5453 1322 5508 ψη
1345 5452 1473 5509 Hercule,
1491 5454 1609 5527 lwnem'
1630 5454 1695 5514 'm‘

60 5545 133 5607 teres
141 5542 208 5607 sani,
218 5548 319 5605 auster,
331 5549 354 5593 et
366 5540 448 5609 megin
457 5539 557 5592 imtum
566 5553 659 5604 meum,
667 5548 690 5593 et
701 5539 780 5608 luent
792 5557 853 5595 uro·

61 5630 320 5702 millenarum).
329 5630 464 5704 Tanquam
474 5630 572 5686 dictum
583 5638 633 5699 est,
646 5630 769 5704 Exsurge,
778 5636 851 5707 agari·
937 5628 946 5660 ¹
958 5627 1159 5679 rutaniorum
1169 5625 1256 5689 babet,
1269 5623 1331 5679 7ἱᾶ
1341 5633 1437 5679 ΓΜ·
