3728 6276
759 230 875 289 sunno
893 228 951 287 XC.
1608 225 1664 287 m
1688 206 1691 211 ’

142 359 220 416 thus
232 354 320 411 scnisti
333 369 384 407 non
398 349 491 406 briem
504 339 593 404 uestem
607 345 766 417 nuptialem?
784 344 816 398 Λι

142 458 214 513 assit.
230 455 303 512 Talis
316 453 389 508 euim
404 446 592 519 interrogabat,
603 444 647 500 cui
662 443 707 498 ille
718 442 819 512 lingere

142 558 221 607 ιειει.
234 546 322 603 Vestis
333 544 432 615 quippe
441 540 484 596 illa
497 540 524 594 in
536 536 690 603 corde,non
701 533 818 588 incarne

142 643 217 698 batur
233 655 241 693 ε
257 651 316 709 quae
335 635 358 689 si
375 632 491 702 desuper
506 630 598 685 luisset
612 626 701 680 induta
714 663 723 689 ,
738 622 818 678 etiarn

142 746 181 787 on
195 729 291 785 luisset
309 724 450 783 omullam.
463 720 517 780 libi
535 720 571 776 sit
592 714 723 774 induenda
738 712 819 769 restis

142 837 173 891 s,
186 820 319 891 aecipite,
335 816 380 872 ubi
400 814 536 886 toquirrn,
552 808 703 867 Sacerdotes
721 805 757 859 tui
775 805 819 858 in-

143 913 273 988 justitiam
284 908 370 984 (Psoi.
379 922 441 974 ess,
450 905 491 976 9).
504 903 540 959 he
550 917 581 958 ea
592 909 665 956 rests
676 896 820 964 dicithpo-

142 1003 166 1062 ii
175 1013 262 1060 tumen
272 1000 365 1067 induti,
374 1008 397 1052 ct
406 1013 457 1052 non
468 995 529 1050 nodi
543 992 700 1048 troeonnrr
712 986 747 1059 (ΙΙ
757 985 816 1040 Cor.

142 1108 190 1167 rgo
203 1095 327 1149 inventus
340 1098 382 1145 est
394 1103 409 1142 a
426 1085 537 1142 homino
548 1082 592 1153 qni
604 1093 696 1136 seruos
707 1077 816 1132 latelrar.

142 1193 209 1256 ptus
222 1180 381 1239 obmutescit
394 1197 402 1235 a
414 1177 524 1248 hgatur,
539 1171 693 1243 projicitur,
707 1168 817 1224 damna·

142 1290 152 1332 ι
164 1289 182 1331 a
195 1272 295 1329 nasutis.
308 1269 439 1333 homine,
454 1267 572 1322 dixeram
584 1305 592 1329 ,
606 1262 668 1333 quin
681 1254 816 1316 tu‘admo·

142 1379 181 1423 tas
194 1363 349 1421 admonere.
360 1360 479 1416 ilceolite
489 1371 593 1412 mecum
606 1355 686 1409 rerba
696 1366 756 1422 qnae
768 1366 782 1403 a
794 1366 817 1404 r-

142 1465 168 1515 et
179 1456 278 1511 multos
289 1454 370 1510 luisse
382 1465 466 1506 unum
477 1449 552 1504 illum
565 1444 644 1501 modo
657 1443 817 1508 inuenietis,

142 1547 288 1604 udieabitis.
309 1543 398 1602 Unum
412 1551 485 1598 certe
503 1540 711 1607 interrogaverat
727 1533 817 1589 homi·

142 1640 149 1696 l
165 1639 282 1704 ditem,
296 1637 392 1702 Andre,
404 1633 530 1707 quontodo
548 1631 597 1685 hue
608 1627 729 1683 intrasti?
744 1626 819 1682 Unus

142 1741 214 1798 arat,
229 1728 300 1787 etde
313 1729 371 1800 ipso
383 1743 437 1783 uno
449 1726 548 1782 dietum
562 1723 665 1786 luerat,
678 1719 767 1792 Liqnte
779 1717 818 1771 ittt

142 1835 155 1880 ι
170 1827 263 1899 pedes,
279 1833 302 1879 el
314 1822 404 1878 mittite
416 1821 489 1876 iliona
500 1821 526 1874 in
538 1817 652 1872 tenebras
665 1815 797 1871 antenoreo
809 1827 818 1866 :

142 1919 207 1974 istus
220 1926 244 1972 et
257 1914 349 1970 stridor
358 1902 817 1978 dentium.thebocil1ultienr'm

142 2009 190 2077 sti,
205 2007 281 2079 penei
292 2004 440 2060 onomat
453 2001 521 2073 Quid
536 2000 598 2057 huic
612 1996 818 2054 manifestationi

142 2099 293 2172 aquispiam
310 2092 492 2152 contradicant
507 2092 614 2155 liittite,
630 2089 731 2160 inquit,
746 2086 820 2140 illum

142 2187 335 2244 ramesiam.
354 2184 430 2240 illum
443 2191 516 2239 certe
529 2195 629 2247 unum,
644 2179 742 2248 dequo
755 2175 820 2231 elicit

142 2292 170 2346 s,
178 2276 256 2333 lariti
265 2276 332 2330 emm
340 2283 399 2330 ssut
408 2273 499 2339 ooeoti,
507 2271 582 2343 pauci
591 2285 648 2324 uero
657 2269 737 2324 eiecti.
750 2268 819 2337 Ergo

142 2383 181 2426 nn
193 2367 336 2424 minuatur
354 2362 526 2420 [orantisne
540 2375 609 2418 unus
627 2370 685 2417 erat
696 2360 758 2424 ille,
773 2357 819 2428 qui

142 2458 214 2516 rebat
226 2465 328 2513 restem
340 2453 495 2525 nuptialem.
509 2451 632 2524 Projieite
651 2466 717 2505 eam.
733 2450 820 2517 erare

142 2547 191 2606 tri
205 2547 283 2603 natis·
298 2546 365 2601 oraim
376 2553 435 2600 sstnt
455 2543 552 2609 uocati,
568 2541 641 2612 ponci
657 2557 715 2596 oceo
736 2538 818 2596 eiecti.

142 2651 292 2710 sparreus,
307 2635 429 2709 pmjicite
448 2635 557 2690 multos.
571 2634 651 2690 Certe
671 2647 738 2689 unus
751 2640 818 2688 erat.

142 2730 229 2787 mnino
241 2729 310 2795 iste,
324 2742 378 2784 non
391 2724 566 2788 solumnmlti
582 2733 675 2789 erant,
689 2724 735 2780 sed
751 2724 821 2779 ntul-

142 2820 286 2879 ibonorum
299 2834 439 2875 numerum
449 2818 620 2888 superabant.
631 2814 704 2870 liuhi
714 2815 784 2870 enim
795 2823 823 2870 et

142 2911 177 2971 etl
187 2913 217 2969 in
228 2910 427 2982 comparatione
439 2910 570 2964 malorum
583 2909 659 2979 pauci
673 2916 736 2962 sunt
747 2907 820 2962 boni.

142 3011 260 3061 menta
274 3009 335 3057 nata
348 3009 410 3056 sunt
424 3017 432 3054 ε
446 3014 570 3069 compara
584 2998 685 3068 paleis,
699 3007 726 3053 et
740 3011 822 3067 pauca

142 3101 198 3150 unt.
214 3091 296 3148 iidem
309 3090 359 3161 ipsi
373 3090 400 3147 in
413 3104 442 3146 se
453 3089 518 3160 ipsis
533 3087 608 3143 multi
620 3128 628 3153 ,
643 3089 669 3142 in
682 3101 822 3156 eompara-

142 3185 255 3241 talorum
268 3182 355 3254 pauci.
368 3181 507 3250 Quomodo
519 3180 662 3250 probamus
680 3180 740 3250 quia
755 3180 781 3234 in
793 3194 824 3236 se

142 3274 216 3333 ualli?
230 3273 307 3330 dost
326 3273 358 3328 oi
377 3273 472 3329 oriettte
483 3281 507 3325 et
527 3271 558 3324 ab
571 3269 697 3324 occidente
715 3269 822 3324 uenient.

142 3364 234 3424 aienti
247 3364 288 3420 td
303 3363 367 3420 illud
388 3361 557 3428 consitium,
573 3361 599 3415 in
620 3359 691 3430 quud
713 3359 774 3415 boni
796 3367 824 3414 et

142 3466 221 3517 hant.
234 3459 273 3515 De
284 3456 337 3512 alio
349 3456 470 3513 conuiuio
483 3455 587 3510 loeutus
598 3452 729 3522 adjunxit,
739 3451 774 3506 Et
784 3467 825 3506 re·

142 3563 150 3608 t
168 3569 227 3609 ειιιιι
240 3550 384 3616 andum,
399 3548 474 3620 isone
492 3545 622 3613 etlueob,
636 3546 663 3600 irs
681 3560 759 3615 regno
772 3559 823 3598 ιε·

142 3642 243 3715 {Baetin
257 3656 321 3707 utri,
334 3639 391 3712 ll).
405 3638 472 3695 illud
484 3647 525 3694 est
538 3637 690 3693 convivium
701 3650 755 3706 quo
770 3650 823 3690 non

142 3735 241 3791 nisum
249 3732 323 3788 mali.
336 3730 392 3787 lioc
401 3728 472 3800 quod
483 3727 562 3783 niodo
571 3736 612 3782 εει
621 3726 700 3797 digne
710 3726 825 3797 accipia-

153 3825 189 3883 atl
202 3823 268 3880 illud
287 3821 465 3895 perveniatur.
487 3819 569 3875 iidem
583 3833 647 3889 ergo
665 3817 762 3884 multi,
777 3816 823 3888 qui

146 3914 226 3975 multi
237 3916 265 3971 in
277 3931 307 3971 se
317 3914 399 3986 ipsis,
415 3912 491 3984 pauci
504 3912 530 3966 in
543 3911 672 3966 maiorum
683 3924 824 3980 compara·

142 4009 204 4081 ingo
215 4007 279 4080 quid
290 4008 328 4063 ait
342 4004 490 4062 Dominus?
503 4002 606 4061 Invenit
617 4018 715 4069 unum,
728 4011 756 4058 et
766 4002 822 4066 ait,

142 4108 212 4155 notar
232 4097 326 4162 multi,
342 4104 496 4152 remaneant
513 4093 601 4164 pauci.
617 4092 711 4148 Dicere
729 4091 822 4159 enim,

142 4190 227 4254 usti,
242 4189 316 4260 ponci
327 4203 384 4243 oero
403 4185 475 4241 electi
483 4227 490 4252 ,
509 4184 573 4241 nihil
585 4195 626 4241 est
638 4184 727 4248 aliud,
744 4198 823 4252 quam

142 4280 286 4346 »tendere
296 4280 341 4350 qui
354 4280 381 4334 in
390 4279 441 4333 ἰειο
453 4277 577 4334 εοιιιίιίο
591 4278 656 4332 tales
665 4277 822 4338 habeantur,

142 4373 187 4430 iud
196 4372 344 4429 conuitium
355 4371 544 4442 perducantur,
552 4384 605 4440 quo
618 4369 705 4426 nullus
715 4367 825 4425 accedet

142 4479 178 4520 m.

142 4569 236 4610 roenrnr
248 4551 281 4607 sit
294 4552 366 4606 uestis
377 4550 507 4621 nuptialis.
525 4547 596 4619 Quid
608 4562 671 4619 ergo
686 4548 747 4603 est?
760 4548 825 4603 Ona·

141 4643 288 4701 iaceeditis
308 4644 341 4699 ad
362 4657 481 4698 metuam
497 4641 677 4707 dominicani,
701 4655 761 4711 quae
782 4640 825 4695 bic

142 4736 165 4792 lu
176 4750 237 4791 εεεε
248 4749 309 4789 cum
323 4734 412 4788 ntultis
422 4731 588 4802 separandis,
601 4729 648 4786 sed
662 4746 721 4786 curn
735 4732 825 4802 parteis

142 4823 238 4879 randis.
262 4822 337 4880 Unde
358 4823 409 4878 boc
423 4821 566 4893 poteritis?
584 4821 702 4891 Accipite
724 4830 827 4877 ιεειειιι

142 4928 193 4971 em.
208 4914 328 4984 Expone,
343 4914 455 4985 inquies,
468 4914 544 4968 nubis
556 4923 656 4968 vestem
671 4913 825 4983 nuptialem.

144 5004 229 5061 (lubio
249 5005 293 5059 illa
315 5006 395 5060 uestis
417 5013 473 5072 εει,
494 5018 572 5075 quatu
588 5019 640 5057 non
654 5003 753 5060 habcnt
776 5005 827 5058 nisi

141 5095 285 5153 toonvirio
297 5095 470 5168 relinquendi,
490 5094 613 5150 seruandi
624 5095 657 5150 ed
678 5096 826 5151 conuiuium

142 5187 199 5244 illus
211 5187 296 5243 malus
306 5186 417 5251 accedit.
431 5202 480 5258 per
493 5187 595 5241 homini
607 5188 719 5254 gratian
730 5188 827 5258 perdu-

154 5279 208 5350 ipai
238 5275 338 5334 babent
366 5286 466 5333 restem
492 5277 646 5346 nuptialem.
674 5278 828 5345 Quaeramus

142 5378 222 5426 atres
246 5367 310 5436 mei,
329 5368 400 5424 inter
421 5368 512 5423 lideles
533 5368 655 5438 quisunt
672 5368 830 5440 quibabcnt

142 5458 232 5532 ,quod
246 5458 309 5514 tnali
324 5474 376 5514 non
390 5456 498 5524 babent,
512 5459 608 5528 etipsa
621 5459 672 5514 erit
684 5459 766 5513 restis
778 5476 828 5514 nu-

148 5551 179 5609 st
191 5551 364 5609 Sacramenta
382 5549 536 5616 dixerimus,
550 5549 645 5605 ridetis
658 5551 829 5620 quemadmo-

142 5652 167 5701 ιι
179 5641 257 5701 malis
272 5642 404 5713 bonisque
418 5641 575 5698 communia.
602 5641 752 5716 baptismus
769 5644 829 5700 cst?

871 361 935 419 Siue
949 362 1083 432 baptismo
1095 362 1202 435 quidem
1221 377 1300 419 nemu
1314 366 1347 417 ad
1361 361 1446 416 licum
1466 357 1585 430 persenit
1596 375 1604 412 t
1615 358 1663 414 red

872 469 925 509 non
938 455 1025 511 omnis
1038 455 1083 526 qui
1106 456 1186 511 habet
1200 454 1361 525 baptismum
1382 450 1415 507 ad
1431 451 1513 506 ὓειιιιι
1530 449 1662 520 pertenit.

872 547 930 602 Non
941 562 1004 618 ergo
1017 562 1125 618 possum
1143 547 1290 617 intelligere
1302 544 1464 615 baptismmn
1478 555 1538 596 esse
1561 549 1663 595 restem

873 638 1025 709 nuptialem,
1040 637 1066 692 id
1080 646 1122 694 est
1135 637 1221 707 ipsunt
1236 644 1449 700 sacramentum
1466 647 1546 704 quam
1560 622 1662 687 uestem

872 729 950 783 uideo
963 727 1089 794 inbonis,
1103 727 1181 783 rideo
1201 728 1227 782 in
1241 727 1328 781 ruatis.
1351 723 1525 781 torreature
1548 730 1600 787 εει,
1620 722 1662 776 rel

871 818 943 892 quod
960 818 1089 890 accipitur
1099 818 1133 874 de
1146 818 1232 873 altari.
1246 817 1372 873 Videmus
1385 815 1445 886 quia
1461 813 1536 869 multi
1549 812 1665 867 nando

871 919 945 976 cant,
957 916 986 964 ει
996 909 1124 980 judicium
1138 908 1188 964 sibi
1198 906 1358 962 manducant
1366 916 1393 962 et
1401 905 1508 960 bibunt.
1518 901 1586 972 Quid
1598 915 1663 972 ergo

870 1002 933 1058 esti
944 1001 1099 1070 ieiunatur!
1111 1000 1237 1069 ieiunant
1249 1008 1276 1054 et
1290 998 1364 1055 mali.
1382 997 1422 1052 tld
1436 996 1583 1051 Ecclesiam
1594 1007 1662 1048 con·

871 1093 1008 1150 curritur?
1034 1093 1202 1150 Gormurrunt
1221 1102 1249 1147 et
1271 1090 1343 1145 mali.
1372 1090 1511 1144 Postremo
1534 1084 1663 1141 noiraculs

873 1183 959 1239 hunt?
970 1182 1029 1239 Non
1042 1183 1127 1237 solutu
1143 1180 1205 1236 horti
1218 1180 1316 1235 incitant
1334 1188 1361 1234 ct
1373 1178 1447 1245 mali,
1460 1177 1507 1232 sed
1521 1174 1663 1244 aliqnando

873 1289 926 1329 non
944 1272 1043 1329 iaciunt
1066 1271 1138 1328 boni.
1153 1272 1221 1326 licea
1244 1270 1270 1325 iu
1296 1279 1387 1325 vetere
1401 1266 1579 1339 populumagi
1591 1264 1662 1320 Pha·

872 1366 962 1422 taonis
975 1366 1101 1421 miracula
1113 1364 1243 1419 iaciebant
1254 1361 1351 1436 (Eroti.
1364 1376 1399 1415 vn
1411 1368 1439 1414 et
1450 1358 1518 1431 rtur),
1536 1357 1662 1412 israelitas

871 1472 924 1512 non
948 1456 1080 1512 iaciebant
1094 1474 1101 1510 ι
1113 1456 1140 1510 in
1166 1454 1292 1509 israelitis
1314 1453 1387 1507 solus
1410 1451 1514 1522 hloyses
1532 1458 1560 1504 et
1572 1448 1663 1503 hortm

870 1538 1662 1609 iaciebantsceterineniaciebant,smvidebantmimebaot,
1723 1522 1731 1533 “

870 1637 1162 1708 eredebant.liunrquid
1172 1638 1294 1692 meliores
1302 1635 1369 1705 magi
1381 1633 1526 1689 Pharaonis
1536 1631 1661 1686 miracala

871 1730 1009 1797 iacientes,
1024 1746 1102 1802 quarn
1119 1730 1230 1800 populus
1249 1727 1339 1794 israel,
1361 1726 1406 1796 quii
1429 1723 1553 1779 miracula
1575 1720 1664 1778 lanera

871 1837 923 1878 non
938 1822 1052 1889 valebat,
1067 1831 1094 1876 ct
1112 1821 1146 1877 ud
1161 1823 1245 1877 ileum
1261 1828 1349 1874 muron
1363 1815 1477 1888 populus
1496 1809 1667 1884 pertinebat!

871 1913 899 1969 ln
920 1915 977 1985 ipsa
996 1913 1129 1977 Ecclesia,
1154 1913 1309 1983 Apostolum
1325 1908 1403 1975 audi,
1424 1905 1557 1976 ll'untqrtiti
1577 1919 1663 1958 omnes

870 2006 1022 2080 propheta?
1042 2006 1163 2075 numqmd
1184 2020 1270 2060 ontrns
1293 2002 1361 2056 dorio
1378 2001 1469 2055 habeon
1486 1995 1664 2052 ourmionnml

870 2096 993 2166 numquid
1019 2111 1104 2150 ontnes
1113 2095 1206 2166 tinguis
1216 2094 1352 2164 loquuntur
1366 2092 1388 2164 (l
1397 2089 1457 2147 Gor.
1472 2104 1519 2155 ιιι,
1532 2088 1579 2156 29,
1592 2085 1662 2156 oo)t

905 2187 933 2244 6.
948 2185 1029 2243 Vestis
1043 2185 1165 2256 nuptialis
1183 2185 1303 2240 elteritos.
1317 2182 1391 2238 Bono
1409 2190 1500 2235 emino
1512 2194 1567 2235 stne
1576 2177 1662 2232 ebon-

872 2290 922 2336 tate
940 2297 991 2336 non
1018 2288 1132 2351 prosunt.
1160 2277 1274 2333 chantos
1304 2283 1330 2331 st
1348 2274 1474 2346 cupiditas
1502 2272 1530 2326 in
1551 2271 1662 2325 bonane.

871 2373 936 2442 Qum
949 2381 1064 2443 estergo
1076 2371 1157 2426 restis
1171 2370 1215 2425 illa
1229 2366 1374 2440 nuptialis?
1389 2365 1451 2423 lime
1465 2371 1506 2420 εει
1519 2364 1602 2420 sestis
1614 2379 1664 2418 nu·

872 2462 985 2534 ptialis:
1006 2461 1080 2517 Finis
1096 2471 1182 2516 ostem
1204 2460 1321 2532 precepti
1342 2467 1394 2525 est,
1419 2456 1562 2527 aposolus
1586 2453 1662 2520 diota,

873 2553 984 2608 ebaritas
1000 2553 1033 2608 de
1046 2553 1122 2607 corde
1133 2566 1207 2623 poro,
1220 2559 1245 2605 rt
1258 2549 1408 2604 conscientia
1421 2548 1497 2614 bono,
1510 2554 1534 2600 ει
1548 2545 1599 2614 fide
1610 2560 1663 2598 non

874 2645 933 2713 fieta
946 2642 967 2717 (l
982 2642 1047 2699 Tim.
1061 2659 1081 2711 ι,
1093 2642 1132 2708 5).
1147 2641 1210 2697 lime
1221 2650 1262 2697 est
1271 2640 1358 2711 ‚vestis
1371 2637 1504 2708 nuptialis.
1516 2635 1575 2692 Nun
1588 2648 1663 2705 quae·

873 2749 986 2804 cumque
997 2733 1113 2790 charitas
1126 2747 1133 2788 :
1147 2747 1209 2786 nam
1222 2726 1543 2800 plerumqueridenturse
1552 2723 1663 2794 diligere

873 2827 953 2882 etiarn
967 2825 1089 2881 homines
1103 2821 1245 2894 participes
1257 2821 1333 2876 maias
1355 2818 1533 2875 conscientiae.
1547 2814 1597 2884 Qut
1621 2814 1660 2870 si·

875 2917 930 2973 mul
944 2914 1082 2972 latrocinia
1096 2913 1204 2981 iaciunt,
1221 2911 1265 2984 qui
1279 2911 1357 2966 mmul
1369 2907 1509 2974 malelleia,
1531 2906 1575 2976 qui
1585 2905 1664 2960 simul

875 3007 1018 3062 histriones
1040 3014 1141 3073 amant,
1155 3003 1200 3076 qui
1225 3002 1303 3059 simul
1327 2999 1425 3071 aurigis
1445 3008 1473 3055 et
1494 2996 1665 3053 venatoribus

875 3100 1001 3164 clamant,
1023 3096 1178 3168 plerumque
1192 3094 1304 3167 diligunt
1326 3107 1374 3149 se:
1388 3090 1434 3148 scd
1455 3097 1564 3146 nonest
1584 3088 1611 3143 in
1624 3087 1665 3143 sis

874 3191 985 3246 citantes
996 3189 1028 3245 de
1040 3188 1117 3244 eorde
1126 3203 1201 3259 puro,
1215 3195 1239 3240 et
1260 3182 1412 3240 eomoientio
1425 3182 1500 3248 ioan,
1516 3189 1540 3235 et
1552 3178 1603 3250 fids
1614 3194 1665 3233 non

876 3281 944 3352 pets.
955 3279 1027 3337 Talis
1039 3277 1243 3336 charitasrestis
1254 3283 1296 3330 cst
1305 3272 1438 3343 nuptialis.
1447 3269 1665 3342 Silingaishorni·

876 3371 1032 3442 rtumioquor
1039 3380 1062 3425 et
1069 3368 1231 3441 Angelorum,
1243 3366 1390 3420 altentatem
1398 3372 1481 3417 outcrn
1490 3378 1540 3417 non
1550 3360 1665 3426 loricam,

876 3466 960 3535 [actos
973 3479 1040 3528 ιιιιιι,
1055 3462 1157 3533 inquit,
1175 3469 1203 3514 ot
1215 3465 1377 3514 marmanum
1390 3469 1494 3519 sonans,
1510 3463 1553 3506 aut
1564 3449 1667 3522 cyrnon

876 3556 930 3610 ium
943 3554 1062 3610 tinniens.
1082 3551 1255 3608 Advenerunt
1267 3549 1363 3618 lingum
1377 3546 1451 3611 stolen,
1465 3552 1494 3600 ει
1508 3543 1605 3599 dieitur
1614 3542 1665 3608 eis,

875 3643 943 3714 Quid
953 3645 1005 3699 huc
1015 3642 1132 3699 trrirastis
1145 3657 1197 3696 non
1209 3638 1339 3694 babentes
1351 3643 1451 3692 testem
1464 3632 1624 3702 nuptialeml
1636 3630 1668 3688 Si

876 3736 994 3802 habitero,
1004 3734 1099 3806 inquit.
1115 3733 1281 3807 prophetiam,
1292 3741 1316 3785 ct
1326 3730 1403 3785 sciero
1411 3728 1494 3782 onrnin
1500 3733 1666 3789 mmmncnto,

876 3837 900 3881 et
921 3841 1019 3882 omnent
1029 3824 1169 3889 seientiam,
1187 3829 1212 3876 et
1233 3821 1343 3875 lmbum
1370 3817 1457 3888 ῥάειιι,
1479 3817 1554 3871 itaut
1572 3822 1668 3870 nmntss

876 3919 1042 3989 transieram,
1058 3914 1206 3969 charitatem
1220 3920 1305 3966 autern
1321 3926 1371 3965 non
1385 3907 1507 3974 mian,
1525 3906 1588 3961 nihil
1601 3922 1667 3961 snos.

876 4010 947 4067 Ecce
959 4016 1022 4065 sunt
1033 4007 1079 4063 illa
1092 4005 1219 4062 miracula
1232 4003 1368 4059 hominum
1379 4001 1537 4072 plerumque
1550 4012 1603 4054 non
1622 3996 1671 4054 ha·

876 4092 996 4156 beatium
1019 4103 1121 4154 restem
1136 4095 1291 4167 nuptialem.
1305 4092 1334 4151 Si
1352 4091 1419 4159 hmo,
1442 4089 1536 4161 iniquit,
1556 4089 1668 4144 habeam

876 4181 1668 4260 omniaetchristumnonhabeam,nihilsum.Nihilinquit,

876 4299 941 4339 soor.
951 4281 1023 4353 Ergo
1035 4279 1174 4352 prophetia
1182 4278 1248 4333 nihil
1258 4278 1317 4333 estl
1325 4290 1389 4347 ergo
1400 4274 1510 4331 seierttia
1519 4286 1671 4329 sacramen·

877 4385 964 4432 torum
974 4374 1040 4430 nihil
1052 4375 1111 4429 estl
1120 4372 1177 4429 Non
1188 4372 1231 4427 illa
1240 4369 1306 4426 nihil
1314 4378 1392 4425 sunt:
1404 4369 1450 4425 sed
1463 4367 1556 4439 ego,si
1567 4366 1611 4423 illa
1620 4364 1670 4420 ba·

877 4467 965 4532 bearn
978 4473 1006 4523 et
1018 4465 1174 4521 charitatem
1189 4478 1241 4518 ιιοιι
1262 4463 1384 4528 habeam,
1398 4461 1464 4516 stiltil
1475 4474 1545 4515 sutn.
1567 4458 1671 4527 Quanta

877 4557 947 4613 bona
968 4554 1035 4611 nihil
1054 4563 1163 4625 prosunt
1177 4553 1235 4608 sirie
1254 4567 1308 4607 uno
1327 4549 1460 4606 bonoisi
1482 4562 1535 4604 rron
1559 4547 1672 4603 babeant

877 4646 1077 4711 charitatem,si
1091 4647 1275 4715 eleemosynas
1287 4643 1384 4713 largior
1398 4642 1424 4697 in
1442 4655 1580 4710 pauperes,
1600 4640 1623 4693 si
1636 4638 1672 4694 ad

878 4738 1073 4796 contessionem
1086 4735 1303 4793 nominisChristi
1311 4749 1394 4804 usque
1406 4731 1439 4787 ad
1451 4731 1616 4802 sanguinent,
1624 4745 1671 4784 us·

879 4846 930 4902 que
944 4830 978 4886 ad
989 4828 1178 4900 ignesaeeedo‚
1188 4825 1354 4897 possunttsu
1369 4823 1554 4879 herietamore
1569 4819 1669 4890 gloriae,

879 4922 966 4979 mania
974 4928 1046 4977 sunt.
1054 4921 1192 4990 Quiaergo
1200 4926 1310 4988 possunt
1320 4917 1376 4973 lleri
1384 4916 1465 4971 etiarn
1477 4927 1568 4968 amore
1580 4912 1672 4982 gloria

881 5013 982 5079 inania,
993 5026 1046 5067 non
1056 5011 1185 5064 charitate
1201 5007 1372 5078 pinguissima
1390 5005 1505 5076 pietatis,
1520 5004 1599 5058 etiarn
1615 5002 1673 5071 ipsa

880 5109 1081 5168 commemorat,
1094 5110 1120 5156 et
1135 5101 1192 5170 ipsa
1204 5098 1266 5154 midi
1280 5097 1329 5154 :Si
1342 5097 1490 5152 distribuero
1510 5095 1595 5148 otrtnio
1617 5108 1674 5147 naen

880 5195 907 5249 in
919 5209 993 5248 anon
1006 5206 1156 5262 pauonum,
1168 5199 1193 5245 et
1206 5190 1229 5245 si
1238 5189 1364 5243 tradidero
1378 5202 1468 5257 empus
1487 5200 1568 5238 meum
1590 5193 1617 5238 ut
1631 5201 1673 5238 ar-

881 5286 966 5351 deoru,
981 5284 1128 5338 chorhotcnt
1138 5298 1189 5336 non
1198 5281 1313 5346 habeant,
1323 5280 1388 5334 nint
1400 5279 1462 5333 nolti
1472 5277 1573 5349 prodest
1584 5275 1672 5349 licor.

881 5391 938 5440 atri,
951 5373 1023 5445 l-5l.
1040 5371 1103 5428 thro
1123 5381 1165 5428 est
1179 5373 1261 5426 testis
1273 5369 1407 5439 nuptialis.
1430 5368 1594 5438 interrogate
1607 5382 1672 5434 ros;

881 5467 904 5519 si
918 5465 1020 5520 habetis
1030 5464 1112 5532 illam,
1121 5463 1206 5518 securi
1216 5462 1281 5518 estis
1292 5461 1317 5515 in
1328 5461 1447 5516 eotrtiuio
1455 5461 1596 5516 dominico.
1610 5460 1674 5515 litua

883 5565 944 5609 ειιιιι
959 5556 985 5610 in
1009 5556 1116 5610 laomine
1135 5570 1205 5621 uno,
1219 5554 1336 5608 charitas
1357 5562 1385 5608 ει
1398 5553 1538 5623 cupiditas.
1552 5552 1675 5617 Citaritas

883 5657 1006 5704 nascatur
1027 5647 1053 5705 in
1078 5655 1114 5718 tc,
1142 5646 1296 5703 sinendum
1320 5653 1380 5701 nata
1399 5657 1453 5715 cst,
1467 5645 1533 5719 etsi
1548 5653 1607 5700 natu
1620 5651 1677 5719 εει
