3728 6276
192 222 249 292 m·-
806 224 836 283 s.
856 221 1040 283 rocosum
1059 223 1207 283 crucum
1781 232 1828 292 Μ

227 335 342 406 ctrtth
362 342 409 402 lx.
429 374 466 388 -
483 342 512 401 9.
525 342 644 400 charitat
663 341 779 396 timorem
796 340 875 395 olium
895 338 985 411 pellit,
1041 348 1158 392 onurmte
1183 339 1344 407 [carinarum.
1371 340 1429 397 Non
1452 356 1517 415 ergo
1543 343 1607 400 tiam
1633 343 1828 405 triente-imas.

173 425 271 500 lelium
294 435 441 494 torrorem.
467 433 555 491 Timor
571 433 679 492 unitis.
701 432 787 488 Timor
807 441 901 486 cuatus.
927 429 986 484 biri
1041 430 1175 502 Torrrplum
1189 432 1237 487 tto·
1250 435 1320 502 ertia,
1333 444 1358 491 ct
1370 434 1483 508 Spiritus
1498 437 1546 491 Dct'
1558 437 1656 493 tattrm
1668 440 1696 494 itt
1707 439 1786 494 rete.
1800 442 1828 498 δ’

173 507 254 600 ¹quid
269 527 395 586 timeatis.
411 525 465 582 dixi
477 525 542 598 quid
554 524 696 596 appetatis.
709 521 855 580 sectamini
869 520 987 576 ebarita-
1040 538 1096 592 prata
1118 523 1240 594 tempium
1258 523 1308 579 Dei
1325 527 1486 598 eomupcrit,
1508 539 1653 600 cormmpct
1666 529 1742 585 illum
1763 529 1826 588 hm

190 630 257 686 tem,
266 619 348 675 intret
358 615 631 685 ebaritasgadmittite
640 616 721 682 illam,
734 613 852 671 timendo
862 626 983 683 peceare,
1040 615 1061 684 (Ι
1076 615 1134 669 Gor.
1147 631 1187 682 ιιι,
1202 615 1247 682 lt,
1260 616 1317 685 ll).
1330 617 1414 673 Licita
1427 627 1489 674 sunt
1503 620 1686 684 matrimonia,
1699 620 1765 677 nihii
1777 637 1815 678 arn

190 711 323 767 admittite
334 724 453 766 amorem
466 724 519 764 non
539 716 707 780 manantem,
722 706 854 763 admittite
865 716 985 761 amorem
1041 704 1112 773 plius
1131 706 1283 776 rermiratls.
1305 707 1363 764 lion
1385 709 1457 765 onim
1476 709 1578 781 grande
1590 725 1663 766 onos
1681 711 1823 783 impositum

191 801 262 859 Mne
272 802 415 859 viventem.
432 801 489 867 illa,
503 809 533 856 ot
544 800 634 857 dicere
646 813 791 872 ooeperam,
804 799 930 865 intrante,
944 796 986 851 in·

190 896 256 966 cipit
266 895 346 953 timor
360 895 443 951 exire.
456 894 560 962 Quanto
573 893 633 965 plns
642 893 687 949 illa
700 890 848 959 intraverit,
861 897 937 945 tanto
950 889 985 944 tl·

191 1001 250 1042 mor
269 987 357 1041 mhmr
376 985 438 1041 erit.
458 983 524 1040 Com
543 984 587 1038 illa
606 990 660 1038 tota
671 981 826 1048 intraverit,
846 980 936 1036 nullos
948 979 985 1034 ti·

190 1092 250 1133 ιιιιιι
268 1077 321 1133 erit
336 1094 344 1131 ι
359 1075 420 1147 uaria
442 1073 559 1146 perlecta
583 1073 700 1129 charitas
719 1073 790 1128 iuras
809 1070 890 1127 mittit
905 1070 984 1126 timo·

190 1182 248 1226 rent
275 1168 297 1241 (l
316 1166 395 1222 loun.
414 1183 450 1232 tv,
476 1167 533 1238 18).
560 1166 644 1222 intrat
669 1181 734 1238 ergo
751 1165 889 1231 charitas,
910 1165 985 1235 pellit

189 1260 324 1317 timorem.
338 1259 396 1315 Non
411 1268 500 1315 antem
517 1259 597 1314 intrat
611 1259 706 1330 etipsa
720 1258 884 1314 incomitata.
898 1255 985 1312 llahet

125 1394 128 1405 .
189 1367 281 1408 secum
294 1366 371 1408 sunm
387 1351 510 1405 timorem
523 1393 531 1418 ,
545 1365 623 1421 quaem
646 1348 790 1405 introducit
803 1349 875 1419 ipsa;
889 1347 937 1405 scd
950 1349 984 1404 il·

188 1444 245 1499 lum
257 1453 379 1508 castum,
396 1449 596 1513 permanentem
610 1442 636 1496 io
650 1441 777 1497 seculum
791 1441 880 1496 seculi
896 1439 982 1511 (Prot.

189 1549 265 1602 xvttt,
280 1533 336 1607 lu).
350 1532 462 1590 servilis
474 1533 555 1587 timor
567 1541 628 1598 cst,
642 1547 695 1604 quio
707 1533 786 1588 times
804 1547 864 1587 crim
878 1530 984 1586 diabolo

188 1625 285 1680 ardere
299 1643 307 1679 ε
321 1624 402 1680 timor
419 1633 509 1680 castus
521 1633 581 1692 est,
601 1638 654 1695 quo
668 1624 747 1680 times
763 1624 818 1681 heo
830 1622 982 1695 displicere.

186 1714 375 1782 crinsiderate,
386 1714 545 1782 charissimi,
557 1724 584 1770 et
594 1716 666 1785 ipsos
678 1713 810 1770 humanos
823 1715 983 1786 interrogato

186 1805 310 1862 allectus.
325 1805 414 1862 'limet
425 1822 519 1861 servus
531 1806 667 1863 oiieuderc
681 1796 817 1862 dominum
838 1822 934 1876 surim,
949 1821 983 1864 ne

185 1898 279 1969 jubeat
290 1913 351 1954 eum
367 1898 500 1954 verberari
513 1942 521 1965 ,
534 1899 626 1969 jubeat
639 1898 666 1953 in
679 1897 824 1969 compedes
836 1897 922 1962 mitti,
940 1897 984 1968 ju·

187 1990 250 2047 beat
261 2004 370 2046 carcere
381 1990 489 2057 includi,
499 1989 592 2060 jubeat
601 2005 661 2046 eom
672 1990 785 2061 pistrino
795 1990 908 2045 conteri.
919 1989 983 2046 ilco

187 2081 286 2138 timeas
306 2096 400 2138 servus
415 2097 467 2137 raon
489 2090 581 2152 peccat
595 2101 602 2136 :
617 2081 664 2137 sed
686 2081 793 2153 qnando
809 2082 923 2138 senserit
935 2082 982 2136 ab·

188 2185 279 2231 aetites
291 2173 384 2230 oculos
395 2173 497 2228 domini
512 2174 562 2237 stri,
580 2188 630 2229 nec
649 2173 771 2228 hahuerit
787 2181 882 2229 testem
896 2189 912 2229 a
929 2188 982 2244 (pm

187 2265 274 2336 possit
293 2266 435 2329 octaviani,
451 2263 524 2320 lacit.
546 2265 636 2335 Quare
653 2264 736 2320 lacit?
748 2264 814 2332 Quia
828 2279 934 2337 plenam
951 2266 983 2321 ti-

186 2358 295 2425 mebat,
310 2372 362 2413 nou
375 2358 504 2428 justitiam
519 2356 653 2430 diligebat.
665 2356 713 2413 Vir
724 2364 813 2412 autem
827 2357 928 2421 buum
941 2357 983 2412 rir

183 2450 281 2520 iustus,
295 2450 376 2505 homo
388 2449 455 2505 liber
469 2449 541 2524 (nam
556 2450 629 2506 solus
640 2451 728 2520 justus
741 2458 783 2505 est
794 2449 880 2514 libcr;
894 2451 982 2506 omnis

187 2542 259 2597 enim
274 2543 319 2612 quai
340 2539 402 2597 lacit
416 2551 569 2613 peccatum,
593 2557 688 2597 servus
707 2542 809 2613 pcccati
830 2551 871 2597 est
891 2540 980 2615 [iona.

185 2648 250 2699 vut,
265 2631 311 2706 st]
322 2632 342 2704 ),
357 2632 506 2688 delectatur
520 2634 576 2704 ipsa
597 2633 699 2702 iustitia
715 2642 766 2688 :et
782 2632 804 2690 si
823 2635 907 2704 possit
923 2633 981 2690 sine

186 2735 255 2782 teste
267 2741 387 2797 peccare,
403 2734 496 2781 testem
510 2725 664 2782 reformidat
676 2735 704 2781 et
718 2725 802 2782 ileum
819 2745 826 2780 :
845 2727 905 2782 etsi
920 2740 982 2796 pos-

185 2818 221 2873 sit
235 2817 327 2874 audire
340 2817 425 2875 Deum
439 2817 572 2874 dicentem
587 2818 648 2886 sibi,
667 2817 749 2873 Video
762 2827 787 2874 te
799 2831 859 2873 cont
875 2831 979 2888 peccas,

186 2924 239 2963 non
253 2919 279 2964 te
293 2908 435 2975 damnabo,
450 2907 498 2963 sed
512 2907 638 2981 displices
652 2907 718 2962 mihi
735 2926 741 2962 :
756 2908 800 2964 ille
814 2909 910 2964 violens
923 2907 980 2963 dis-

184 3001 286 3072 plicere
300 3001 385 3057 ocrrlis
397 3001 499 3071 patris,
518 3017 570 3057 non
586 2999 751 3057 lormidulosi
765 3000 876 3070 iudicis,
893 3002 978 3070 timet,

185 3109 240 3149 non
254 3109 288 3150 ne
299 3094 461 3162 dantnetnr,
484 3108 537 3150 non
550 3109 584 3150 ue
599 3095 740 3166 puniatur,
763 3109 817 3149 non
832 3109 866 3151 oe
878 3095 980 3151 crucie-

184 3200 248 3258 tur;
263 3190 311 3248 sed
326 3207 360 3248 ne
379 3190 497 3248 offendat
512 3192 638 3264 gaudium
659 3204 820 3266 paternum,
841 3212 875 3252 ne
888 3195 979 3267 displi-

184 3291 246 3337 ceat
263 3281 347 3337 oculis
367 3282 491 3339 ornantis.
510 3282 539 3341 Si
558 3285 630 3341 enim
651 3295 724 3341 amat
745 3286 820 3358 ipse,
842 3295 869 3343 et
887 3303 979 3343 amau·

184 3381 239 3427 tem
258 3372 300 3427 sui
321 3371 458 3428 dominum
483 3376 583 3442 sentit,
607 3391 661 3431 non
683 3376 745 3432 lacit
762 3377 833 3449 qood
855 3379 979 3452 displicet

183 3465 336 3520 amantiae.

220 3553 334 3613 corut·
355 3556 390 3613 Χ.
408 3588 444 3599 -
459 3558 503 3614 tlt.
524 3558 568 3615 Vir
582 3561 676 3628 impuri
690 3565 794 3619 omorio.
810 3564 939 3622 Lubricos
952 3577 980 3623 et

183 3645 341 3703 inhonestos
355 3656 489 3705 amatores
500 3650 629 3708 attendite
643 3653 670 3719 ’ς
684 3653 707 3709 si
721 3655 781 3726 quis
795 3670 887 3714 amore
901 3656 979 3713 lemi-

183 3752 227 3794 nua
237 3737 352 3796 lascivos
362 3748 389 3796 et
397 3755 513 3812 nequam
522 3745 602 3800 vestit
611 3759 641 3802 se
650 3745 729 3804 ahter
739 3763 818 3822 quam
829 3749 867 3805 illi
880 3751 976 3820 placet,

183 3831 266 3887 vestit
279 3846 310 3888 se
321 3833 399 3890 aliter
409 3850 490 3907 quam
503 3845 599 3892 amatae
613 3853 669 3894 sum
681 3840 769 3910 placet
780 3882 788 3906 ,
801 3851 847 3897 ant
860 3854 936 3898 ornat
948 3859 978 3901 se

181 3923 261 3980 aliter
272 3940 352 3997 quam
366 3927 404 3982 illi
420 3928 515 3998 placet.
531 3927 579 3984 iiia
593 3928 690 3986 dixerit
703 3934 732 4000 ¹,
745 3931 814 3988 Nolo
828 3933 926 3991 habeas
939 3945 977 3991 ta-

182 4016 235 4071 lem
254 4016 398 4090 byrrhum
417 4035 471 4076 non
491 4020 572 4078 babet
587 4041 594 4078 ε
609 4023 633 4077 si
648 4038 696 4095 per
710 4024 824 4081 hiemem
845 4027 881 4082 illi
895 4027 976 4097 dieat,

182 4107 212 4162 ln
225 4107 332 4165 lacerna
347 4119 374 4166 te
388 4126 450 4166 amo
464 4111 492 4179 ’ς
506 4112 580 4184 eligit
593 4123 718 4182 tremere,
730 4132 809 4188 quam
824 4118 975 4192 displicere.

180 4195 315 4269 Numquid
333 4199 378 4256 illa
392 4201 435 4256 cui
447 4201 589 4275 displicet,
603 4203 760 4264 damnatura
774 4209 836 4265 estl
849 4215 977 4285 numquid

180 4301 209 4342 ιιι
222 4302 359 4346 carcerem
378 4290 513 4348 missura!
526 4295 653 4368 numquid
669 4305 784 4355 tortores
802 4300 977 4360 adhibitura?

179 4377 239 4435 lloc
252 4379 338 4435 solnm
351 4380 388 4438 ihi
399 4382 517 4452 timetur,
530 4384 587 4442 Non
600 4396 627 4443 te
642 4387 738 4446 videbo
752 4409 759 4447 :
775 4391 825 4447 hoc
840 4394 926 4450 solum
941 4396 976 4452 ibi

179 4471 415 4543 contremiscitur,
436 4473 543 4532 Faciem
564 4493 652 4534 meam
668 4496 720 4536 non
738 4483 851 4541 videbis.
875 4485 903 4541 Si
924 4485 977 4544 hoc

179 4563 314 4637 impudica
329 4565 408 4633 dicit,
426 4578 454 4623 et
467 4579 564 4638 terret;
580 4571 747 4640 benedicit,
763 4585 789 4632 et
802 4594 855 4633 oon
871 4581 976 4637 temeti

179 4655 251 4714 Sane
262 4657 420 4728 plurrimom;
436 4661 483 4716 sed
502 4663 524 4717 si
537 4677 668 4721 amamus.
685 4665 714 4721 Si
726 4676 816 4725 autem
834 4687 886 4726 raon
900 4688 976 4729 ama·

180 4763 252 4814 mus,
271 4764 324 4804 non
337 4749 400 4806 inde
413 4759 562 4821 terremur;
583 4755 630 4811 sed
644 4765 776 4814 terremur
789 4769 819 4815 ut
832 4763 917 4829 servi,
942 4763 976 4820 de

180 4838 252 4910 igne,
264 4840 298 4896 de
311 4841 446 4913 gehenna,
461 4844 494 4901 de
508 4848 682 4904 atrocissimis
695 4852 817 4908 tartareis
829 4854 927 4919 minis,
941 4855 976 4911 de

180 4934 424 5004 exaggeratissimis
437 4936 535 4992 diaboli
550 4941 679 5012 angelis,
693 4943 804 5014 ejusque
817 4946 976 5019 suppliciis!

162 5021 229 5090 ‚vel
243 5022 305 5080 inde
316 5033 473 5082 terreamur.
489 5027 517 5082 Si
533 5029 597 5084 illud
613 5031 701 5088 nvirrus
714 5048 851 5102 amamus,
867 5037 910 5093 vei
930 5039 975 5093 illa

178 5111 330 5170 timeamus.

216 5205 331 5264 CAPUT
350 5205 395 5264 Xl.
410 5240 445 5250 -
461 5211 503 5266 ll.
522 5211 636 5284 Virgines
647 5232 735 5272 sacrm
746 5235 819 5274 aanor
830 5221 901 5291 [neit.
924 5222 975 5279 Οι·

211 5319 220 5350 ¹
233 5323 299 5379 ltus,
311 5318 424 5374 narbas
434 5329 457 5374 et
468 5322 604 5378 anestos
614 5339 709 5381 maiores
718 5331 841 5384 mteadite.

214 5381 275 5452 fter.
286 5382 361 5444 tngd.
376 5391 434 5455 ten.
451 5386 486 5435 sic
503 5386 595 5461 babent
608 5387 673 5440 hunc
688 5391 766 5442 locum
782 5409 789 5444 ε
803 5395 929 5449 Attendite.
950 5399 975 5452 ri

154 5484 160 5503 ·
176 5444 597 5598 &ahimam
607 5463 884 5586 tibitibi?
897 5459 974 5571 θ’θ’

234 5573 301 5616 tm:
315 5576 342 5618 ht
355 5565 448 5620 aaran
457 5577 480 5621 te
495 5585 558 5624 mm.
572 5575 654 5625 atehns
672 5584 755 5627 autem
765 5579 806 5630 alli
818 5580 881 5644 libri,
893 5590 921 5633 trr
939 5585 974 5636 le-

176 5635 359 5743 ¹rizrrnigteemo.
373 5637 477 5684 lacerna
489 5649 570 5699 genus·
587 5646 626 5689 cst
646 5640 724 5691 vestis
746 5640 870 5695 dmbriatae
889 5652 915 5696 et
936 5649 972 5699 vl·

1038 805 1090 851 est.
1105 797 1257 868 Virginibus
1269 800 1354 869 major
1362 814 1439 855 amor
1450 801 1576 872 imposuit
1585 802 1674 873 majus
1683 812 1762 860 onus.
1775 803 1824 860 llir·

1038 892 1115 961 gines
1135 892 1206 964 quod
1220 892 1317 949 lioelmt
1331 894 1474 950 nolocmot
1488 896 1515 962 ¹,
1538 897 1642 966 utplus
1656 896 1823 967 plaeeveotei

1037 985 1079 1039 cui
1093 1001 1123 1041 sc
1133 984 1306 1049 devoverunt
1372 986 1479 1043 biemut
1490 987 1564 1042 illam
1575 987 1707 1057 majorem
1718 988 1824 1058 pulchri·

1038 1076 1156 1133 inlunem
1171 1077 1292 1134 orares
1322 1062 1681 1151 .Qotil'jobesthanquam
1695 1079 1821 1145 aaran

1036 1167 1105 1237 Quid
1131 1167 1235 1238 jubcsl
1257 1168 1296 1225 Ne
1320 1169 1449 1226 adulterae
1473 1171 1576 1236 simus,
1612 1168 1667 1225 boc
1689 1169 1822 1242 praecipiti

1037 1257 1159 1314 rimando
1170 1267 1217 1327 te,
1232 1259 1290 1330 plns
1305 1258 1416 1316 iacintus
1430 1275 1509 1331 qoam
1517 1260 1605 1331 jubes.
1621 1259 1664 1315 Dr
1681 1261 1821 1333 ιίιςὶιιϋιι,

1036 1347 1074 1402 ait
1091 1348 1253 1419 Apostolus,
1276 1361 1429 1422 preruptam
1451 1349 1556 1407 honuni
1574 1367 1627 1407 ιιοιι
1649 1351 1742 1407 bader.
1762 1352 1822 1424 Ergo

1036 1454 1119 1510 qtrarc
1142 1441 1195 1498 hoc
1215 1443 1334 1498 iaciunt?
1353 1444 1493 1500 Consilium
1511 1453 1596 1498 otum
1612 1445 1646 1500 do
1665 1444 1689 1520 (Ι
1701 1444 1761 1501 Cer.
1773 1460 1821 1513 vlt,

1035 1529 1093 1600 25).
1110 1530 1164 1587 lllm
1175 1543 1263 1589 autem
1276 1543 1398 1591 amantes
1411 1579 1419 1602 ,
1433 1535 1531 1607 ortibus
1544 1543 1659 1592 terrena
1678 1537 1776 1608 nuptia
1786 1537 1821 1592 vi·

1036 1620 1153 1690 luerunt,
1167 1638 1228 1694 pue
1239 1633 1359 1682 terrenos
1372 1627 1511 1697 amplexus
1525 1641 1577 1681 oon
1589 1626 1821 1697 eminerammi,

1036 1726 1120 1783 arsque
1131 1713 1200 1769 adeo
1211 1725 1414 1787 acceptaverunt
1423 1727 1598 1789 preceptum,
1609 1725 1641 1774 nt
1651 1732 1708 1775 non
1721 1733 1821 1776 recma·

1035 1804 1389 1880 mritconsiliom211tplm
1406 1809 1562 1880 placerent,
1585 1809 1647 1882 plns
1672 1824 1705 1868 se
1717 1825 1820 1869 notave·

1038 1904 1109 1948 rurrt.
1125 1894 1252 1966 Corporis
1264 1899 1336 1953 enim
1350 1897 1439 1970 hujus,
1454 1899 1480 1956 id
1495 1909 1547 1969 est,
1560 1901 1704 1959 exterioris
1717 1901 1820 1958 hominia

1034 1995 1191 2042 ornamenta
1205 1997 1305 2059 quanto
1324 1991 1409 2061 magis
1424 2000 1605 2063 appetuntur,
1626 2000 1706 2049 tanto
1718 2003 1777 2049 sunt
1787 1992 1820 2048 iu·

1037 2076 1144 2132 terioris
1155 2078 1257 2149 majora
1271 2079 1431 2137 detrimenta
1447 2092 1569 2153 :ouante
1578 2091 1669 2140 autern
1683 2085 1818 2155 minusap-

1035 2178 1162 2238 petuntur
1173 2183 1332 2229 ornamenta
1346 2175 1487 2231 exterioris
1509 2175 1636 2244 hominis,
1655 2185 1730 2232 tantu
1746 2175 1817 2247 magis
1854 2240 1856 2249 ,

1035 2261 1153 2317 moribus
1167 2263 1284 2334 pulchris
1298 2267 1379 2321 homo
1391 2265 1502 2322 interior
1515 2266 1672 2322 edomatur.
1694 2267 1768 2325 [lude
1781 2267 1816 2322 di·
1854 2270 1856 2331 ξ

1033 2351 1108 2406 citet
1120 2352 1216 2410 Petrus
1231 2372 1238 2409 :
1255 2354 1382 2411 ornantes
1394 2373 1422 2412 ac
1433 2373 1485 2412 oon
1498 2357 1525 2412 iat
1536 2358 1609 2413 tortis
1621 2358 1743 2414 crinibus.
1762 2358 1815 2415 Cum

1033 2442 1105 2496 etnim
1119 2441 1246 2512 dixisset,
1261 2445 1388 2501 Omcntea
1400 2463 1445 2512 sc,·
1464 2447 1527 2519 quid
1545 2448 1618 2504 aliud
1630 2463 1646 2504 a
1658 2449 1814 2516 carnalitur.

1033 2551 1113 2605 quiam
1127 2538 1240 2595 visibilia
1259 2541 1310 2597 ista
1324 2553 1482 2598 ornamenta
1503 2547 1686 2615 putarentur?
1698 2546 1815 2603 monam

1034 2627 1092 2682 tulit
1112 2629 1266 2701 cogitationi
1284 2632 1357 2704 qood
1376 2634 1507 2706 cupiditas
1525 2635 1688 2708 inquirelrat
1709 2637 1766 2694 Nor
1780 2638 1814 2694 ia·

1033 2720 1100 2789 quit,
1114 2720 1142 2776 ia
1156 2723 1228 2779 tortia
1240 2723 1361 2792 crinibus,
1375 2743 1456 2798 neque
1466 2743 1547 2794 euro,
1561 2728 1600 2784 eet
1614 2731 1773 2803 margaritis,
1784 2729 1815 2785 vd

1032 2821 1098 2866 uerte
1110 2814 1220 2884 pretioso
1230 2831 1241 2880 ;
1253 2817 1298 2871 sed
1311 2816 1356 2871 ilie
1364 2818 1526 2875 obrmnditua
1535 2821 1621 2877 cordia
1636 2821 1712 2879 bomo
1723 2864 1731 2889 ,
1741 2822 1814 2895 gaes

1032 2903 1183 2960 rotrocum
1196 2906 1265 2962 diues
1283 2909 1304 2980 (l
1317 2907 1389 2964 Pctr.
1404 2925 1443 2979 ιιι,
1456 2912 1482 2979 5,
1496 2913 1524 2980 d,
1539 2923 1563 2967 et
1578 2913 1586 2967 Ι
1601 2911 1672 2969 Tim.
1684 2931 1715 2983 ιι,
1728 2916 1753 2981 9,
1767 2911 1812 2984 lb).

1032 2992 1204 3066 Neomenim
1226 2998 1296 3055 licus
1309 3000 1415 3058 divitias
1428 3002 1642 3062 daretexteriori
1657 3005 1776 3074 bomini,
1791 3013 1814 3061 et

1031 3086 1138 3158 inopem
1158 3089 1320 3162 relinqueret
1338 3092 1491 3151 interiorem
1506 3111 1514 3149 τ
1528 3095 1603 3152 dedit
1615 3097 1740 3155 invisibili
1758 3096 1813 3154 divi·

1034 3178 1084 3234 tias
1099 3180 1256 3248 invisibiles,
1265 3191 1293 3239 et
1305 3184 1464 3242 invisibilem
1480 3187 1585 3243 ornavit
1597 3188 1771 3248 invisibiliter.

1066 3270 1179 3330 CAPUT
1201 3274 1259 3330 Xll.
1273 3307 1310 3317 -
1324 3278 1368 3334 la.
1389 3277 1521 3352 Virginem
1532 3297 1667 3337 mercum
1679 3299 1759 3339 emor.
1775 3281 1811 3339 lh

1030 3368 1197 3422 ornamentis
1205 3369 1343 3427 studentes
1355 3371 1402 3426 Dei
1412 3373 1518 3444 puella,
1530 3383 1631 3432 sanctae
1641 3375 1764 3449 virgines,
1773 3389 1810 3432 nes

1030 3457 1100 3527 quod
1128 3458 1225 3516 licebat
1256 3463 1439 3533 appetierunt,
1475 3481 1526 3522 nec
1559 3467 1633 3538 qnod
1666 3469 1810 3542 erigebamm

1030 3562 1233 3609 consensemnt.
1254 3553 1343 3611 llolte
1366 3557 1437 3612 euim
1456 3563 1537 3614 etiam
1557 3568 1699 3630 parentum
1720 3572 1808 3618 scorta

1030 3643 1178 3699 contrarios
1186 3654 1297 3701 conatus
1305 3647 1365 3720 igne
1375 3649 1483 3719 superni
1491 3650 1784 3723 amorissuperareruot
1791 3652 1807 3704 ¹.

1030 3730 1115 3787 iratus
1129 3743 1171 3789 est
1181 3744 1268 3806 pater,
1281 3737 1397 3808 ploravit
1411 3749 1496 3796 mater
1510 3757 1517 3796 :
1533 3757 1586 3797 oon
1601 3745 1707 3801 curavit
1718 3740 1807 3814 itineri

1029 3833 1092 3880 ante
1110 3826 1203 3881 oculos
1216 3828 1371 3885 versabatur
1383 3832 1511 3903 speciosus
1529 3833 1614 3903 [orma
1634 3851 1690 3907 pre
1704 3836 1763 3907 piria
1774 3834 1807 3888 ia

1030 3918 1126 3972 minuam
1142 3918 1229 3990 (Paul.
1246 3938 1315 3988 xcxv,
1329 3923 1368 3994 5).
1385 3923 1417 3978 Ei
1431 3924 1529 3997 quippe
1543 3940 1573 3982 se
1587 3928 1679 3984 ornari
1690 3928 1806 3985 Merra

1029 4010 1077 4074 vit,
1094 4020 1122 4064 ut
1140 4020 1193 4066 tota
1205 4013 1263 4084 eius
1276 4029 1366 4069 comm
1379 4025 1495 4088 gereret.
1515 4016 1582 4086 Quia
1598 4035 1658 4092 gvtoe
1676 4029 1755 4092 napta
1765 4027 1804 4081 etl·

1029 4101 1123 4172 cogitat
1143 4119 1201 4172 quae
1214 4114 1272 4158 aaut
1285 4107 1392 4175 vitandi,
1409 4108 1535 4179 quomodo
1555 4111 1609 4167 uiro
1631 4112 1732 4185 placent
1745 4108 1804 4183 itt!

1029 4203 1114 4248 aulem
1125 4194 1232 4266 innupto
1244 4206 1290 4263 est,
1307 4199 1400 4270 copitot
1413 4216 1471 4271 qun
1482 4210 1541 4257 aaut
1555 4201 1615 4267 bet.
1626 4204 1751 4277 promote
1762 4203 1803 4276 pl*

1028 4294 1068 4338 cet
1084 4282 1136 4339 lico
1150 4284 1171 4358 (l
1186 4284 1245 4341 Cor.
1263 4303 1316 4355 vn,
1330 4289 1386 4361 il).
1409 4290 1502 4348 Videte
1522 4292 1586 4364 quid
1598 4293 1636 4351 sit
1653 4310 1752 4354 antara
1763 4292 1803 4352 ibt

1029 4372 1109 4443 dixit,
1124 4375 1230 4448 Cogitat
1250 4393 1285 4433 ne
1298 4377 1466 4437 danmetura
1482 4381 1548 4439 ileo.
1570 4383 1668 4443 ltdhuc
1685 4387 1753 4444 enim
1769 4386 1803 4441 sn

1029 4465 1109 4521 timor
1122 4466 1167 4523 ille
1181 4468 1288 4524 servilis
1309 4478 1368 4537 est,
1390 4480 1482 4528 custos
1498 4473 1608 4545 quidem
1629 4477 1773 4544 malornm,
1784 4479 1802 4528 rt

1028 4555 1179 4612 abstineant
1190 4572 1220 4614 se
1231 4573 1246 4612 a
1259 4560 1354 4628 malis,
1374 4569 1403 4616 et
1414 4561 1573 4621 abstinendo
1586 4565 1661 4638 digni
1675 4570 1728 4625 sint
1745 4566 1803 4624 adst
1853 4594 1856 4625 :

1028 4646 1169 4704 admittere
1182 4649 1350 4707 charitatem.
1364 4651 1416 4709 Sed
1430 4654 1482 4710 illa
1495 4671 1549 4714 non
1563 4658 1683 4730 cogitant
1695 4655 1802 4735 quentad·
1853 4628 1856 4735 Ξ

1027 4740 1136 4796 modum
1150 4756 1202 4797 non
1215 4742 1384 4813 puniantura
1400 4743 1473 4813 lieo,
1494 4746 1542 4804 sed
1553 4749 1693 4820 quomodo
1704 4752 1805 4824 maseth
1854 4748 1856 4783 ¹

1027 4829 1092 4897 Deo,
1107 4831 1302 4903 pulchritudine
1315 4836 1452 4904 interiore,
1466 4836 1564 4895 decore
1576 4842 1678 4898 occulti
1691 4840 1804 4903 hominis.
1854 4838 1856 4877 ³

1027 4921 1124 4979 decore
1133 4924 1232 4992 cordis,
1244 4926 1288 4981 rabi
1300 4926 1370 4982 illius
1379 4929 1465 4984 oculis
1473 4929 1551 4986 nuda
1560 4941 1624 4988 sunt
1635 4951 1644 4989 ε
1656 4934 1735 4993 nn&
1741 4935 1805 4994 intes.

1027 5028 1080 5069 noo
1096 5013 1177 5082 loris;
1193 5016 1304 5089 integrm
1316 5027 1344 5074 et
1360 5018 1432 5075 intus
1445 5028 1473 5076 et
1491 5020 1566 5078 loris.
1582 5023 1632 5081 vel
1643 5025 1808 5101 virginesde

1026 5114 1105 5160 eeant
1115 5107 1271 5178 conjugatos
1281 5115 1308 5163 et
1317 5109 1481 5182 conjugatas,
1493 5127 1546 5169 non
1559 5114 1600 5171 ire
1612 5115 1640 5173 in
1652 5118 1808 5177 adulterium

1027 5195 1082 5252 illac
1092 5196 1192 5254 iaciunt
1201 5200 1261 5269 plus
1272 5214 1351 5270 quam
1363 5200 1443 5270 lieet;
1458 5202 1496 5258 illi
1506 5219 1559 5261 nun
1572 5204 1675 5267 iaciant
1687 5211 1758 5284 qnod
1768 5224 1811 5268 nst

1027 5288 1098 5344 lieet.

1059 5402 1066 5432 ¹
1083 5407 1147 5458 tos..
1161 5409 1211 5450 ,tort
1220 5402 1283 5452 ertim
1302 5403 1396 5464 grmtde
1405 5418 1465 5457 otrus
1477 5407 1618 5482 dopositum
1627 5419 1666 5466 ert

1026 5461 1106 5512 nur'or
1121 5461 1311 5538 uowrimpoauit
1373 5467 1407 5518 'aa
1424 5480 1483 5520 onor
1494 5469 1637 5538 oramine
1654 5415 1818 5539 orm

1066 5529 1325 5576 contaminaremus
1379 5530 1476 5580 codices
1486 5537 1541 5583 ltss.

1058 5584 1240 5649 ¹ttss.,igttitae
1250 5587 1349 5652 urperni
1367 5591 1457 5643 matoria
1469 5608 1499 5644 stt
1542 5603 1653 5650 mm.
1674 5601 1817 5655 melai·

1025 5647 1140 5718 bertinis·
1150 5654 1214 5718 tiss,
1225 5649 1308 5714 ignitae
1319 5651 1409 5703 ardore
1424 5666 1484 5717 sape
1518 5656 1525 5668 '
1539 5659 1631 5714 ermris
1640 5671 1820 5729 amm

1025 5710 1115 5762 chrm.
1130 5717 1214 5774 rorate
1225 5725 1328 5777 srrmruo
1336 5726 1426 5779 auare,
1436 5725 1484 5769 etr.
