3728 6276
115 251 182 312 1111
715 245 744 304 S.
765 240 948 302 sbdbsmrii
967 240 1116 299 misceri
1676 246 1745 303 fffl

115 379 230 431 merare,
247 374 275 420 et
286 363 369 434 ieiuni
381 365 525 419 dormiunt.
540 361 580 417 An
593 362 704 429 nodum,
718 359 774 415 aiii
787 357 851 430 quid
862 355 904 411 di·
956 370 1050 411 manns
1062 354 1197 413 fabrorum
1211 366 1239 413 et
1260 357 1384 429 opificum
1395 358 1538 428 dolantur,
1558 361 1746 431 collineantur,

115 471 175 511 eam
190 456 223 511 de
238 454 376 511 viriditate?
390 454 513 523 Quotidie
528 457 706 526 negotiatores
720 452 754 508 du
768 449 904 519 naufragio
956 447 1167 516 complanantur.
1190 448 1380 505 Verumtamen
1399 450 1507 507 domum
1521 451 1626 507 Domini
1641 468 1696 507 non
1710 453 1748 509 fa·

115 546 313 612 nudievadunt,
325 546 458 602 etiterum
477 545 601 616 navigant
612 543 646 598 ad
660 542 814 613 perieulum.
829 537 905 596 Unde
955 538 1048 602 ciunt,
1072 538 1124 593 nisi
1142 538 1249 609 quando
1264 538 1394 596 ebaritatc
1410 542 1640 612 compaginantur.
1665 543 1747 613 Ligna

115 637 234 707 qnotidie
246 636 428 707 periclitantur
449 634 585 698 homines,
601 633 651 689 nisi
673 641 781 703 propter
800 630 905 686 divitias
956 626 1005 682 ista
1018 637 1046 682 et
1058 626 1160 698 lapides
1171 629 1193 684 si
1206 644 1258 683 non
1271 630 1322 685 sibi
1335 641 1410 686 curto
1421 631 1514 687 ordine
1526 632 1711 697 eoliaererent,
1726 650 1747 691 si

115 725 309 796 acquirendas?
328 724 383 780 Nec
399 724 503 796 gladius
520 723 651 795 prohibet.
673 722 790 793 Capitale
802 721 903 777 crimen
957 731 1010 771 non
1025 732 1055 773 se
1067 718 1176 787 pacifice
1197 719 1379 786 innecterent,
1401 722 1424 778 si
1446 737 1499 777 non
1522 739 1553 779 se
1573 725 1688 780 inuicem
1702 743 1746 780 co-

116 824 159 871 est
172 815 282 883 falsitas,
297 826 324 872 et
337 824 425 871 mmen
439 815 642 870 comminvvitur¹
656 813 806 868 baereditas.
821 811 849 867 Si
859 826 904 867 er·
956 803 1084 862 haefflndo
1105 806 1173 873 sibi,
1194 809 1309 879 (1110111111
1328 810 1408 864 niodo
1429 824 1571 880 amatenu
1595 829 1675 869 nemo
1696 815 1744 870 brit

116 921 151 977 gn
171 907 221 962 boc
233 915 350 962 meretur
364 906 516 978 temporalis
530 904 671 976 cupiditas,
684 919 767 976 qviare
780 918 833 960 non
847 919 904 960 me-
956 895 1078 952 issmffli·
1102 895 1565 972 0111111111111011103111111111
1588 902 1690 960 filiii&
1710 907 1746 960 ¹²·

116 1007 207 1053 maior
220 997 318 1054 cbrisn
333 997 492 1054 noredinus?
510 997 612 1052 avarus
632 995 696 1052 rien
708 995 735 1051 in
752 993 833 1051 coire
845 1009 904 1062 sno,
957 984 1073 1055 piasset
1091 986 1161 1059 rigna
1183 988 1252 1045 bene
1273 990 1324 1045 sibi
1344 990 1501 1060 conarere,
1522 1008 1634 1050 securus
1653 997 1744 1060 intras,

116 1088 161 1158 qui
176 1087 244 1144 [0510
255 1103 307 1143 „on
319 1088 400 1144 audet
412 1088 439 1143 in
453 1088 540 1161 lingua
550 1102 597 1142 sua
612 1105 619 1141 2
634 1087 699 1156 Quis
711 1101 760 1142 ,ως
772 1085 906 1155 separanti
957 1075 1060 1131 ruinam
1076 1094 1128 1133 noo
1144 1079 1232 1134 times.
1246 1080 1346 1137 volens
1357 1097 1420 1152 ergo
1435 1083 1562 1140 Dominus
1571 1085 1697 1143 cbristus
1709 1088 1746 1143 io-

116 1177 288 1247 acnpidimtc
301 1178 376 1234 auri?
388 1179 550 1234 l'ribulatiof
565 1193 598 1233 an
611 1177 752 1248 angustia?
766 1191 800 1231 an
816 1190 907 1247 perse-
958 1174 1046 1234 lfm,
1060 1175 1088 1223 ⁰²
1103 1168 1222 1226 1111101111
1237 1169 1375 1239 hildim,
1396 1181 1521 1243 1111111111
1534 1175 1693 1233 ²difi⁰³¹¹d⁰
1706 1178 1745 1235 di·

116 1267 334 1323 cutiuil‘ossont
345 1276 373 1324 et
383 1269 458 1323 asari
470 1269 560 1324 dicere
571 1283 659 1324 suro:
676 1268 787 1337 Propter
797 1276 823 1321 te
835 1267 906 1323 ocei-
957 1256 1057 1312 0111111
1079 1255 1229 1315 Mandalum
1252 1278 1343 1317 nonum
1364 1263 1397 1319 ‘¹⁰
1417 1266 1504 1333 10111,
1528 1276 1556 1321 “A
1577 1283 1623 1323 ⁹⁰⁸
1646 1269 1746 1328 indm

116 1357 206 1413 dimon
220 1367 274 1412 tota
289 1357 341 1414 dic.
357 1359 463 1428 Optime
480 1373 546 1429 crgo
559 1358 650 1414 dicunt
670 1359 753 1413 sancti
776 1368 905 1428 martyres

116 1450 144 1506 in
155 1451 261 1507 Psalmo
273 1469 279 1504 :
293 1450 387 1505 indico
399 1468 449 1518 me,
463 1451 542 1518 Dent,
553 1461 577 1506 et
586 1452 699 1506 discerne
714 1467 816 1505 eouaom
825 1465 906 1503 neum

117 1542 150 1597 dc
163 1552 236 1614 genic
246 1559 296 1597 iton
310 1552 398 1598 sancto
410 1542 420 1614 (
434 1542 506 1599 Paul.
520 1559 584 1608 xnrr,
598 1543 611 1598 f
624 1544 645 1616 1.
659 1542 794 1608 Discerne,
810 1543 904 1613 inquit,

118 1631 314 1688 tribulationem
323 1649 409 1689 meam
419 1653 426 1689 :
436 1634 717 1690 tribulantnrotavari.
727 1634 907 1688 Disoernetm·

116 1722 218 1794 gastins
224 1739 310 1778 meas:
319 1724 906 1795 patiuntorangusiiasciavariDiseorncper·

118 1816 270 1869 sedationes
282 1829 374 1869 meas:
391 1816 526 1884 pariuntur
537 1824 565 1870 et
576 1816 658 1871 arari.
672 1815 799 1870 Discerne
810 1814 905 1869 famem

120 1917 208 1958 meam
229 1918 236 1956 ε
254 1918 302 1972 pro
313 1918 379 1958 auro
396 1903 558 1974 acquirendo
576 1905 697 1960 esuriunt
709 1905 830 1961 ciavari.
845 1906 905 1961 Dis-

98 2052 101 2058 ,
118 2006 199 2047 cerne
205 1992 349 2048 nuditatem
357 2008 442 2048 mcum
454 2013 461 2049 :
471 2008 520 2068 pro
526 1995 777 2065 aurodespoliantur
786 2004 813 2051 et
822 1997 904 2050 arari.

118 2084 246 2140 Discerne
258 2093 370 2140 mortem
381 2101 467 2141 rocam
480 2103 487 2140 :
500 2087 776 2156 proauromoriontur
786 2088 904 2142 ciavari.

119 2173 188 2242 Quid
199 2182 249 2240 est,
264 2174 386 2231 Discerne
396 2192 498 2231 onasum
508 2192 588 2232 nicom
599 2177 612 2232 f
625 2175 734 2248 Propter
744 2185 768 2231 tc
777 2180 906 2249 nmrteof·

117 2267 200 2321 einim
211 2277 264 2322 toto
274 2268 323 2323 dic.
340 2267 379 2322 lili
392 2276 499 2339 propter
510 2284 615 2334 aurum,
628 2285 678 2325 nos
692 2279 800 2340 propter
811 2278 846 2326 te.
861 2269 906 2325 Si·

119 2356 191 2413 milis
204 2373 291 2428 piena,
303 2359 349 2414 scd
359 2360 473 2415 discreta
481 2376 570 2417 eausa.
582 2359 633 2417 Ubi
641 2361 756 2417 discreta
764 2369 806 2418 est
815 2377 905 2426 causa,

120 2444 156 2500 ibi
166 2457 237 2502 cerm
250 2457 293 2503 est
307 2449 428 2504 victoria.
443 2448 472 2505 Si
484 2465 547 2521 ergo
561 2465 667 2506 mirsam
679 2451 823 2517 intuemur,
837 2452 907 2506 sofe-

119 2537 243 2594 mnitates
254 2549 401 2612 martyrum
409 2556 539 2599 amamus.
550 2544 678 2599 Amemus
688 2545 714 2598 in
724 2544 773 2611 eis,
784 2561 836 2599 ivon
844 2551 907 2613 pas·

118 2629 219 2694 siones,
232 2630 279 2686 sed
300 2647 394 2688 causas
417 2633 579 2703 passionum.
601 2634 668 2690 Nam
689 2636 713 2689 si
730 2636 907 2691 amaverimus

119 2722 257 2792 passiones
269 2732 380 2789 tainum,
398 2727 494 2782 multos
508 2727 641 2782 inventuri
654 2741 747 2784 sumus
758 2728 803 2798 qui
815 2728 907 2798 pejora

120 2809 256 2880 patiuntur
270 2813 296 2867 in
311 2815 397 2869 causis
411 2816 498 2871 malis.
521 2816 574 2872 Sed
595 2832 701 2873 eausam
723 2818 904 2883 attendamus,

119 2915 225 2958 crucem
239 2903 336 2959 Cirristl
354 2906 481 2963 attendite
496 2924 503 2961 :
517 2907 552 2964 ibi
565 2918 622 2965 erat
634 2909 767 2977 cbristus,
783 2910 818 2965 ibi
831 2917 908 2965 erant

119 2999 148 3047 et
158 2991 285 3048 latrones.
298 2994 397 3052 Similis
410 3012 504 3066 poena,
518 2999 567 3055 sed
579 2999 716 3056 dissimilis
728 3015 815 3056 causa.
831 3000 907 3057 Unus

120 3079 190 3138 latro
199 3084 328 3151 credidit,
341 3087 409 3143 alius
422 3088 624 3160 blasphemavit.
640 3091 768 3147 Dominus
780 3100 906 3163 tanquam

119 3174 154 3231 de
164 3176 287 3233 tribunali
297 3180 365 3234 inter
377 3180 471 3238 ambos
481 3181 626 3253 judicavit:
640 3184 713 3240 illurn
727 3185 771 3255 qui
782 3184 907 3253 blaspbe-

120 3266 212 3333 mavit,
225 3266 251 3322 in
264 3276 391 3325 tartarum
403 3269 553 3338 damnavit;
568 3272 681 3329 alterum
693 3289 782 3329 securo
795 3274 870 3329 duxit
879 3274 906 3330 in

120 3354 273 3426 paradisum
288 3358 298 3429 (
306 3358 369 3414 bus.
383 3376 462 3429 xxiii,
477 3360 582 3434 fit-ts).
594 3362 682 3431 Quare
695 3360 763 3419 boc?
777 3364 844 3432 Quia
856 3366 907 3421 etsi

122 3448 232 3518 equalis
252 3465 347 3520 poeno,
369 3452 416 3508 sed
440 3454 526 3522 impar
546 3462 604 3510 erat
617 3469 707 3510 causa.
729 3455 823 3526 Eligite
843 3472 907 3527 ergo

120 3547 267 3610 martyrum
283 3555 394 3609 causas,
409 3542 433 3599 si
454 3543 535 3599 vultis
550 3546 688 3615 pervenire
707 3545 742 3602 ad
760 3556 905 3619 martyrum

120 3628 231 3700 palmas.

324 3723 438 3782 SEDAAD
450 3724 640 3783 cccxxxvi·
654 3728 704 3801 (o).

314 3836 710 3904 noeoimvlooesoelesie,1(t).

156 3956 269 4014 CAPUT
278 3958 481 4018 edifitiis-i.
495 3961 646 4034 AEdificetio
655 3974 678 4020 et
685 3964 810 4021 dedicatio
817 3966 906 4023 domus

119 4045 167 4102 Dei
188 4050 216 4103 in
229 4049 309 4104 nobis.
318 4050 469 4108 Mandatum
478 4071 569 4109 nonunt
583 4056 707 4111 canticum
716 4073 817 4112 nouum.
830 4059 907 4116 Gele-

121 4138 205 4195 Dritas
217 4140 296 4212 lrvvjos
310 4145 530 4215 eoivgregationis,
542 4145 674 4202 dedicatio
682 4156 723 4203 est
737 4148 831 4204 domus
845 4165 906 4204 ora·

121 4228 210 4283 tionis.
237 4229 336 4285 Domus
356 4247 419 4303 ergo
442 4245 592 4290 nostrarum
613 4237 762 4293 orationum
782 4239 831 4293 ista
851 4249 902 4307 est,

120 4319 216 4374 domns
235 4321 281 4376 Dei
297 4336 346 4378 nos
365 4323 424 4392 ipsi.
443 4324 472 4381 Si
486 4325 581 4383 domus
596 4327 644 4383 Dei
663 4343 712 4383 nos
730 4329 797 4398 ipsi,
813 4345 862 4386 nos
877 4331 904 4387 in

121 4409 171 4465 linc
182 4411 281 4467 saeevrlo
293 4411 471 4482 aedificamur,
489 4423 518 4470 nt
531 4415 557 4470 in
574 4415 626 4474 fine
638 4417 728 4473 sacculi
740 4418 902 4476 dedicemur.

119 4500 288 4571 AEditlciuin,
304 4504 357 4559 imo
373 4505 513 4562 uuidmvio
525 4507 605 4565 babet
623 4510 758 4577 laborem,
773 4510 904 4569 dedicatio

119 4594 331 4651 exsultationem.
353 4598 428 4667 Quod
446 4599 490 4654 bio
509 4600 607 4669 tiebat,
627 4604 733 4673 qivando
747 4604 796 4659 ista
811 4621 903 4677 surge-

120 4685 196 4752 bant,
219 4686 271 4744 laoc
286 4689 313 4743 fit
330 4690 409 4746 niodo
429 4706 489 4747 cum
506 4704 699 4765 congregantur
715 4696 857 4752 eredentes
876 4699 902 4752 in

118 4775 262 4832 Cliristnm.
278 4776 418 4836 Credendo
432 4783 502 4838 enim
522 4785 598 4856 quasi
618 4785 652 4840 de
671 4786 745 4843 silvis
759 4797 786 4843 et
805 4790 902 4844 monti·

118 4865 168 4921 bus
188 4867 257 4938 ligna
280 4878 308 4924 ct
327 4870 427 4942 lapides
448 4875 626 4942 preciduntur
642 4894 648 4930 :
664 4893 723 4933 eum
748 4895 812 4934 vero
831 4892 903 4936 eate-

115 4959 271 5030 elvizantur,
297 4965 481 5036 baptizantur,
501 4968 667 5040 formantur,
689 4983 813 5044 tanquam
834 4976 903 5032 inter

147 5095 155 5126 ¹
168 5096 264 5146 sicliss.
275 5104 302 5148 nt
313 5098 385 5160 editi,
397 5101 531 5153 condatur.

147 5155 311 5213 'limendatus
321 5161 351 5210 ad
361 5164 399 5212 cb.
412 5163 429 5212 f.
442 5179 462 5213 r.
475 5172 492 5214 ι.
506 5181 530 5217 v.
546 5173 572 5217 et
582 5167 612 5217 ad
626 5175 676 5218 Am.
689 5176 726 5218 Er.
739 5177 789 5219 rar.
802 5177 855 5222 lov.

145 5216 182 5338 gu)
198 5217 268 5278 Alias,
280 5221 312 5271 de
323 5229 440 5287 Tempore
451 5225 505 5276 256.

159 5276 184 5341 b)
195 5283 314 5333 possidius
324 5285 348 5334 fn
359 5286 470 5348 lndioofo,
482 5302 535 5352 erip.
556 5290 594 5349 fD,
605 5297 672 5341 notat
687 5291 736 5342 «de
747 5292 901 5345 medicatione

114 5338 226 5390 ecelesiae
237 5349 352 5397 tractatus
369 5349 468 5399 duns:»
488 5353 548 5414 ipsa,
564 5359 684 5414 putamus,
694 5353 789 5405 babitus
802 5355 843 5406 die
854 5370 901 5418 qua

131 5401 218 5452 rituum
232 5403 351 5457 dedicatio
364 5408 450 5471 fiebat,
469 5413 549 5476 populi
564 5422 685 5464 oooveotu
701 5424 822 5478 prasente
837 5418 903 5468 celc-

146 5465 231 5522 mimo,
243 5478 291 5515 ooo
302 5481 361 5520 vero
371 5484 418 5534 qua
435 5479 489 5535 post
509 5488 598 5524 annum
614 5475 731 5526 deinceps
747 5478 901 5528 remlcbatur

115 5520 234 5596 [neniam
250 5535 309 5600 ante
323 5530 450 5584 dedicatio.
469 5537 607 5599 Huiusmodi
623 5538 714 5600 quiippe
731 5541 901 5593 anniversariae

113 5583 271 5639 solemnitatis
289 5602 314 5639 ιιι
332 5602 418 5647 vetere
435 5597 627 5663 tartbagineosis
638 5599 747 5652 enclesis
764 5600 901 5653 calendario

115 5645 206 5700 nmium
215 5654 350 5718 vestigium

957 1348 1070 1421 diligatis
1081 1349 1169 1423 (Aaou.
1184 1368 1242 1421 xiii,
1257 1353 1315 1425 51).
1329 1355 1498 1423 Mandatum,
1514 1359 1612 1430 inquit,
1625 1361 1658 1415 do
1670 1362 1743 1418 notin

958 1438 1069 1495 Veteres
1083 1442 1154 1496 enirn
1168 1443 1259 1507 eratis,
1274 1443 1381 1499 domum
1395 1446 1458 1502 mibi
1470 1449 1588 1504 nondum
1601 1450 1743 1520 faciebatis,

959 1527 985 1583 in
1006 1539 1093 1585 vestra
1115 1532 1190 1587 ruina
1211 1533 1350 1603 jacebatis.
1371 1536 1441 1608 Ergo
1455 1546 1483 1593 ut
1503 1541 1638 1596 eruamini
1654 1541 1688 1598 de
1701 1559 1743 1598 ve-

958 1627 1020 1674 sirm
1033 1620 1116 1677 ruinae
1125 1631 1272 1691 vetustate,
1288 1641 1336 1680 vus
1350 1627 1461 1683 inuicem
1472 1639 1570 1685 amate.
1592 1630 1744 1689 consideret

958 1723 1024 1779 ergo
1037 1710 1159 1768 Charitas
1170 1723 1257 1769 vestra
1270 1754 1278 1782 ,
1292 1715 1419 1773 edificari
1436 1717 1523 1774 adbuc
1542 1720 1624 1776 biam
1641 1722 1742 1779 domum

958 1810 1014 1856 toto
1025 1845 1033 1868 ,
1046 1803 1115 1859 sicut
1128 1803 1281 1875 perdicium
1292 1817 1373 1864 estet
1387 1810 1546 1878 promissum
1561 1853 1570 1879 ,
1585 1813 1655 1869 orbe
1669 1824 1741 1871 terra·

959 1908 1027 1948 runi.
1047 1893 1113 1950 Cum
1133 1896 1203 1951 enim
1220 1897 1397 1954 mdificarctnr
1416 1900 1511 1957 domus
1531 1911 1592 1972 post
1613 1906 1745 1974 eaptivita-

959 1993 1034 2047 tem,
1057 1986 1126 2042 sicut
1144 1987 1221 2044 habet
1234 1989 1302 2045 alins
1316 1992 1450 2060 psalmus,
1466 1992 1628 2052 dicebatur:
1647 1998 1746 2054 Caunis

958 2072 1067 2130 Domino
1081 2079 1325 2146 continuandorum·
1338 2093 1436 2138 semote
1450 2083 1575 2149 Donnino,
1590 2090 1674 2143 omnis
1686 2100 1747 2144 tara

959 2165 1045 2238 (Posi.
1060 2183 1111 2224 xcs
1123 2210 1131 2237 ,
1144 2169 1182 2242 1).
1204 2171 1278 2240 Qnod
1293 2173 1328 2228 ibi
1340 2173 1427 2240 dixit,
1442 2178 1567 2231 coniicitur
1579 2194 1690 2244 norom:
1701 2181 1748 2238 boo

960 2258 1088 2316 Dominus
1101 2260 1187 2330 dixit,
1208 2265 1356 2320 mandatum
1376 2283 1478 2322 nouum.
1501 2267 1571 2336 Quid
1584 2273 1658 2326 enirn
1672 2272 1745 2329 babet

959 2352 1091 2407 canticum
1118 2369 1236 2423 novum,
1263 2357 1314 2412 nisi
1341 2372 1461 2415 amorem
1487 2363 1608 2417 novumi
1637 2361 1746 2422 cantare

959 2445 1071 2499 amantis
1087 2453 1139 2500 est.
1159 2445 1218 2501 Vox
1239 2446 1319 2518 hujus
1337 2451 1471 2518 cantoris,
1494 2450 1586 2509 fervor
1603 2465 1648 2512 est
1667 2459 1746 2514 sancti

959 2534 1068 2587 amoris.

994 2623 1106 2681 CAPUT
1126 2625 1156 2681 11.
1170 2658 1205 2668 -
1224 2628 1252 2683 2.
1266 2629 1396 2685 Aornndns
1408 2631 1478 2689 Dens
1497 2646 1601 2707 propter
1612 2638 1711 2709 ipsam,
1725 2651 1746 2696 et

959 2717 1089 2789 prasinam
1109 2728 1211 2791 propter
1231 2721 1322 2778 Deum.
1347 2724 1493 2794 Amemus,
1514 2729 1599 2797 gratis
1610 2746 1744 2788 amemus:

960 2809 1045 2867 Deum
1064 2811 1136 2867 enim
1156 2828 1292 2882 amamus,
1318 2831 1370 2886 qiro
1385 2816 1450 2873 nibil
1471 2820 1567 2875 melius
1589 2822 1744 2879 invenimus.

960 2898 1048 2968 lpsum
1058 2915 1178 2956 amemus
1192 2912 1300 2974 propter
1313 2904 1399 2976 ipsum
1411 2947 1419 2974 ,
1434 2915 1461 2962 et
1474 2923 1524 2963 nos
1537 2909 1645 2980 inipso,
1662 2922 1746 2970 tamen

960 3000 1068 3062 propter
1080 2991 1177 3063 ipsum.
1192 2993 1239 3049 llle
1253 2996 1324 3050 enim
1338 2999 1468 3054 veraciter
1481 3009 1553 3057 amat
1566 3004 1692 3068 amicum,
1704 3006 1745 3076 qui

961 3080 1044 3137 Deum
1058 3091 1131 3138 amat
1143 3083 1170 3138 in
1184 3085 1288 3154 amico,
1308 3096 1354 3143 aut
1368 3091 1429 3158 qnia
1442 3100 1484 3146 est
1497 3091 1524 3145 in
1536 3093 1583 3148 illo
1595 3136 1604 3160 ,
1617 3105 1663 3151 aut
1677 3107 1705 3152 ut
1714 3100 1746 3154 sit

962 3173 991 3228 in
1010 3175 1066 3230 illo.
1088 3174 1151 3232 limo
1170 3184 1211 3231 est
1223 3192 1285 3233 vera
1304 3178 1411 3236 dilectio
1426 3199 1432 3236 ι
1449 3176 1559 3253 propter
1579 3187 1651 3241 alind
1665 3189 1686 3242 si
1702 3204 1746 3246 nos

959 3262 1112 3335 diligimus,
1134 3264 1238 3322 odimus
1253 3269 1339 3338 potios
1352 3286 1431 3340 quiam
1443 3272 1590 3342 diligimus.
1615 3277 1667 3342 Qui
1678 3280 1744 3336 enirn

958 3364 1027 3409 amnt
1048 3354 1204 3425 iniquitatem
1217 3373 1227 3412 .·
1240 3358 1304 3427 quid
1333 3360 1408 3416 odit?
1431 3362 1498 3419 forte
1518 3366 1635 3423 vicinum
1658 3386 1743 3434 sumit,

960 3442 1027 3500 forte
1039 3444 1152 3500 vicinam
1167 3449 1262 3502 suam?
1288 3449 1472 3521 Expaveseat,
1488 3456 1540 3509 odit
1554 3459 1666 3514 anienem
1677 3480 1745 3517 suom

960 3533 1044 3605 (Psoi.
1058 3551 1094 3602 x,
1108 3536 1146 3605 D).
1170 3537 1265 3594 Odium
1287 3541 1400 3606 anime,
1422 3560 1498 3600 amor
1518 3550 1654 3618 nequitie.
1683 3554 1745 3621 Ergo

958 3634 1050 3681 contra
1073 3626 1163 3683 odium
1184 3631 1327 3700 nequitia,
1348 3648 1423 3689 amur
1440 3636 1546 3692 anilium.
1573 3641 1625 3705 Qui
1645 3645 1747 3714 diligitis

959 3715 1111 3785 Dominum,
1128 3717 1187 3772 odio
1200 3719 1287 3775 iubete
1299 3721 1394 3776 naulum
1407 3722 1491 3794 (mat.
1503 3743 1574 3792 xcvi,
1588 3730 1647 3801 fD).
1661 3731 1747 3787 Divom

958 3814 999 3861 est
1014 3806 1100 3873 Deus,
1114 3807 1214 3863 malum
1229 3811 1354 3882 estquod
1367 3826 1456 3881 amas,
1472 3824 1499 3871 et
1511 3818 1637 3888 teipsum
1652 3823 1746 3878 malum

958 3910 1033 3952 amas
1048 3915 1056 3952 :
1070 3897 1205 3968 quomodo
1217 3914 1291 3955 amas
1306 3901 1405 3971 Deum,
1421 3919 1481 3960 eum
1494 3906 1581 3963 adbuc
1595 3926 1671 3967 amas
1680 3912 1746 3982 quod

958 3985 1014 4041 odit
1028 3986 1117 4043 Densi
1126 3986 1230 4045 Audisti
1244 3990 1315 4046 enim
1326 3993 1386 4063 quia
1400 3995 1469 4052 Deus
1481 3997 1631 4057 dilexitnos
1639 4003 1660 4074 (1
1670 4003 1745 4058 foen.

958 4093 994 4144 iv,
1007 4076 1050 4150 10)
1068 4089 1113 4136 :et
1122 4094 1214 4136 verum
1227 4091 1277 4148 est,
1286 4083 1378 4140 dilexit
1391 4102 1439 4142 nos
1450 4105 1457 4151 ;
1469 4097 1497 4144 et
1507 4091 1600 4160 quales
1610 4094 1743 4158 dilexerit,

957 4169 980 4222 si
994 4168 1180 4235 attendemus,
1194 4172 1386 4230 erubescimus.
1410 4175 1462 4232 Sed
1476 4178 1536 4235 ideo
1547 4196 1601 4237 non
1614 4186 1745 4241 erubesci·

958 4274 1034 4324 mos,
1049 4261 1109 4331 quia
1121 4262 1256 4334 diligendo
1270 4265 1345 4331 tales,
1361 4267 1424 4324 fecit
1442 4285 1568 4327 essenon
1584 4276 1662 4332 tales.
1679 4279 1742 4333 Ero·

957 4351 1089 4408 bessinus
1110 4356 1296 4414 recordatione
1310 4361 1522 4432 praeteritorum,
1537 4366 1687 4437 gaudemus
1702 4386 1747 4440 spe

957 4444 1115 4500 futurorum.
1139 4446 1227 4513 Quare
1240 4449 1311 4504 enim
1330 4451 1385 4519 jain
1404 4454 1594 4512 erubescamus
1611 4461 1684 4530 quod
1698 4463 1745 4516 foi-

956 4550 1034 4601 mus,
1054 4545 1081 4592 et
1096 4553 1149 4594 non
1167 4539 1254 4610 potius
1267 4541 1432 4598 confidamus
1444 4545 1505 4616 qvuia
1528 4562 1577 4617 spe
1593 4550 1659 4606 salvi
1682 4552 1740 4608 facti

956 4627 1070 4682 sumus?
1084 4627 1200 4701 Denique
1211 4631 1370 4698 audivimus,
1397 4634 1513 4691 Accedite
1524 4638 1558 4692 od
1569 4655 1637 4705 enni,
1651 4652 1675 4696 et
1686 4643 1745 4696 ilfa·

955 4717 1105 4784 minamini,
1120 4720 1235 4777 cicuitus
1249 4724 1323 4776 uestri
1336 4741 1385 4778 uon
1398 4725 1541 4782 erubescent
1553 4729 1640 4802 (Psoi.
1654 4750 1743 4801 xxxiii,

954 4807 994 4876 tii.
1013 4807 1041 4863 Si
1058 4809 1166 4865 recedat
1181 4810 1289 4877 lumen,
1305 4814 1376 4869 redis
1387 4815 1421 4870 ad
1436 4818 1620 4878 confusionem
1637 4825 1656 4877 ¹.
1672 4827 1744 4880 Acce·

954 4898 1005 4952 dite
1015 4898 1050 4952 od
1069 4917 1145 4962 enm,
1169 4911 1193 4956 et
1210 4902 1400 4962 illuminamini.
1428 4908 1498 4980 Ergo
1512 4910 1557 4967 ille
1571 4913 1681 4982 lumen,
1699 4933 1743 4972 nos

954 4990 1013 5044 sine
1023 4990 1069 5046 illo
1084 4990 1211 5047 tenebras.
1225 4992 1254 5048 si
1264 4997 1429 5052 recesseriss
1440 4999 1550 5067 lumine,
1568 5004 1594 5057 in
1610 5006 1663 5061 tuis
1679 5018 1743 5061 iene-

954 5079 1010 5135 liris
1023 5081 1173 5136 remanebis
1187 5100 1194 5135 ι
1208 5083 1230 5137 si
1246 5099 1310 5154 ergo
1321 5089 1478 5154 accesseris,
1495 5106 1548 5145 non
1563 5093 1598 5149 de
1611 5103 1658 5148 tuo
1672 5096 1742 5152 loce·

953 5171 1012 5238 bis,
1036 5170 1134 5229 Fecistis
1156 5175 1223 5228 enim
1243 5177 1380 5245 aliqnando
1403 5181 1527 5249 tenebroe,
1551 5185 1588 5238 ait
1603 5187 1743 5255 Apostolus

954 5262 1077 5319 fidelibus
1098 5281 1130 5321 en
1152 5266 1303 5324 infidelibus
1318 5288 1325 5324 ε
1342 5269 1366 5323 F
1367 5271 1439 5327 aistis
1460 5274 1599 5341 aliquunde
1622 5280 1742 5342 tericbioe,

953 5371 1020 5409 nitnc
1030 5366 1113 5409 entem
1126 5356 1171 5410 lue
1189 5358 1215 5411 in
1232 5356 1339 5414 Donnino
1354 5360 1457 5432 (Epiust.
1473 5379 1499 5432 v,
1515 5365 1553 5434 8).
1577 5367 1606 5423 Si
1621 5383 1686 5440 ergo
1701 5370 1741 5424 lun

953 5446 980 5500 in
995 5444 1126 5513 Domino,
1151 5448 1270 5504 tcncbrm
1293 5450 1350 5507 sine
1363 5451 1484 5509 Domino.
1510 5455 1594 5514 Porro
1615 5458 1638 5515 si
1655 5460 1699 5519 lux
1717 5462 1741 5519 io

986 5667 993 5700 ¹
1007 5671 1070 5732 ftis,
1083 5665 1358 5736 recedisueonpusr'one.
