3728 6276
649 250 766 311 SERiii)
782 246 965 308 ocbxxt'ttr.
1583 258 1652 319 mo

142 373 245 447 artynia
257 369 396 442 Stephani,
410 369 466 426 sire
480 368 508 424 in
527 365 632 423 caeteris
650 329 808 422 eubibeodis
868 359 1044 432 contempsit,
1059 363 1157 421 abusus
1169 374 1227 434 est,
1243 367 1444 440 intemperantia
1456 386 1503 428 sua
1515 373 1614 432 decidat
1624 376 1655 434 ur‘

142 464 271 522 matred
286 478 409 535 pronam:
432 470 462 518 ut
482 473 561 516 nemo
579 457 655 514 dese
676 457 810 527 desperet,
864 450 962 506 maiam
988 451 1168 512 raietudinem
1193 457 1272 529 hujus
1299 461 1590 522 mortalitatiszaudiat
1610 469 1656 524 rei

141 559 163 615 ir
173 557 277 629 magnis
289 557 405 628 peccatis
418 554 570 618 insolutus,
592 560 621 608 et
633 550 738 621 magnis
751 562 811 604 sce·
864 541 945 598 modo
956 544 1153 614 praecipientem
1167 549 1307 618 medicum,
1320 559 1348 607 ut
1360 554 1445 623 possit
1456 554 1650 629 indesurqere,

142 647 278 713 irretitus,
292 646 369 717 quasi
381 644 485 702 renum
501 658 555 698 uon
574 642 610 698 sit
634 648 809 710 accepturus,
864 650 917 706 quo
928 652 977 706 per
989 649 1145 708 peceatum,
1160 642 1217 713 ipse
1230 644 1368 702 decubuit.

143 754 204 797 rsus
224 738 305 796 iuerit
324 736 359 792 ad
378 751 457 804 eum,
472 735 518 806 qui
542 732 661 802 pendens
681 731 708 786 in
731 742 812 785 cruce
899 728 927 783 ὅ.
942 726 1066 801 AEqrotua
1076 742 1201 804 moeoepto
1208 735 1297 790 cerdici
1310 736 1462 794 obseruando
1471 741 1572 797 couniti
1584 759 1651 813 pas·

142 846 172 888 ro
184 827 399 899 persecutoribus
412 827 505 884 dioens
518 841 525 878 ε
537 823 625 890 Petu,
634 824 735 894 iqnoace
745 820 810 887 iiiia,
865 817 937 874 bom
950 820 981 889 fit
993 836 1081 876 mnes.
1096 821 1150 880 Sed
1163 825 1250 895 plane,
1267 827 1371 896 iratres,
1385 831 1608 900 quemadmodum
1623 836 1649 890 in

142 921 206 977 „m
217 920 280 991 “pq
290 919 388 990 saprum
401 915 476 989 (pne.
490 930 566 982 mn,
582 913 641 985 di).
656 911 753 968 Factus
771 918 813 966 est
865 907 921 978 ipsa
936 909 1065 967 medicina
1079 927 1160 969 sanos
1172 913 1293 973 iaciurdo
1314 933 1375 989 quae
1396 920 1650 996 imperatsapientia

142 1019 309 1084 persecutore
334 1009 491 1082 predicator
514 1017 542 1062 et
560 1007 653 1062 doctor
675 1003 809 1060 Gentium.
864 1001 972 1078 salutis,
986 1011 1076 1059 manet
1100 1004 1127 1059 in
1147 1020 1180 1062 eo
1200 1007 1271 1077 quod
1292 1007 1388 1076 babet;
1401 1014 1424 1066 si
1438 1021 1527 1069 auum
1537 1018 1651 1085 coeperit

142 1102 223 1169 ¹rimo,
231 1103 326 1173 inquit,
339 1100 512 1172 biasphemtqs
521 1108 549 1154 et
561 1104 715 1169 persecutor
732 1102 761 1149 st
771 1092 813 1147 in·
864 1101 1009 1190 aeqrotore3
1037 1095 1128 1168 incipit
1147 1098 1239 1155 audire
1254 1112 1431 1173 praeceptum,
1446 1114 1474 1161 et
1494 1106 1587 1178 incipit
1611 1109 1651 1165 ia-

154 1190 516 1252 :sedideomisericordiam
529 1196 769 1250 consecutossum‚
783 1192 812 1240 ut
864 1199 943 1254 ecre,
969 1188 993 1244 si
1020 1202 1086 1245 uere
1112 1199 1188 1247 curat
1212 1193 1331 1265 recipere
1351 1195 1447 1252 bonam
1472 1206 1501 1253 et
1522 1199 1652 1272 integram

142 1287 216 1344 trimo
231 1285 385 1342 ostenderet
396 1283 520 1340 cbristus
532 1282 611 1339 iesus
624 1294 731 1336 omnem
751 1280 811 1334 ion·
865 1277 1060 1342 valetudinem
1087 1295 1148 1336 oum
1174 1292 1263 1339 aurem
1287 1286 1401 1354 eoeperit
1419 1285 1446 1341 id
1469 1287 1652 1355 iacere‚.nou

142 1384 228 1444 ntem,
243 1376 278 1432 ad
287 1375 499 1432 informationem
516 1388 608 1429 eorum
624 1371 670 1443 qui
686 1369 812 1426 credituri
864 1369 990 1423 coritiuuu
1014 1368 1069 1439 jam
1090 1386 1171 1427 sanus
1193 1382 1249 1439 est;
1264 1375 1310 1430 sed
1331 1375 1377 1430 diu
1402 1377 1569 1435 observando
1590 1395 1653 1450 per·

149 1470 269 1527 inritam
283 1467 445 1540 aeternamd
459 1466 525 1522 Tim.
545 1467 609 1533 ωδ
624 1461 812 1536 erupentia
864 1460 938 1516 uenit
959 1459 994 1516 ad
1021 1461 1093 1517 iliam
1120 1465 1275 1531 sanitatem,
1289 1482 1368 1538 quam
1391 1469 1480 1527 minus
1499 1481 1651 1542 temperan-

142 1560 236 1620 tisalri
248 1560 533 1632 eiiicimurapeceatis
546 1557 661 1623 nostris,
674 1557 701 1612 in
715 1555 813 1627 quibus
865 1552 900 1609 do
927 1554 1100 1625 perdiderat:
1116 1556 1167 1613 boc
1190 1558 1231 1613 iiii
1254 1570 1343 1615 autem
1367 1562 1475 1632 prodest
1499 1567 1569 1635 quod
1595 1566 1652 1637 jam

142 1665 196 1708 nus.
222 1651 313 1720 iliius,
336 1652 408 1707 iilius
428 1649 558 1705 medicina
580 1657 641 1712 est,
664 1659 724 1716 quae
737 1652 814 1700 sanat
864 1643 1119 1715 murmurmurmur,
1134 1662 1169 1703 ne
1187 1651 1489 1721 augeatacqritudinem
1505 1665 1533 1712 et
1553 1667 1582 1712 ot
1595 1672 1649 1713 uon

145 1783 153 1800 .
168 1741 234 1798 Nam
255 1757 285 1799 se
296 1742 354 1814 ipsa
375 1742 514 1796 vulnerare
533 1739 635 1809 potuit,
649 1751 744 1792 sanare
758 1748 814 1790 uon
865 1734 951 1791 solum
961 1732 1078 1792 deterior
1090 1753 1143 1793 uon
1154 1739 1210 1804 bat,
1222 1740 1270 1797 sed
1283 1744 1363 1797 etiam
1378 1743 1488 1813 incipiat
1499 1748 1654 1805 meiiusba·

864 1824 944 1893 bere,
959 1827 1005 1897 qui
1021 1829 1146 1898 paulatim
1162 1831 1191 1885 itt
1203 1845 1303 1889 sanus:
1317 1848 1380 1904 spes
1391 1845 1433 1891 est
1442 1838 1514 1892 euim
1527 1840 1653 1908 perteue

142 1925 250 2001 {potore
266 1936 290 1982 et
304 1927 475 1981 conualescere
494 1940 545 1979 nou
561 1939 631 1992 uque
644 1923 716 1977 boba
738 1921 813 1975 bomo
865 1916 995 1986 sanium,
1010 1920 1116 1990 quando
1131 1921 1222 1993 incipit
1232 1923 1313 1980 bomo
1323 1927 1655 2002 ntinusminusqueaegroa

142 2025 196 2072 tate.
208 2015 343 2071 Eaiibera
355 2015 463 2070 bominis
478 2014 700 2068 voiuntatemncn
714 2010 812 2065 ιιιοτιιι.
867 2014 933 2064 tare.
953 2009 998 2065 Sic
1012 2010 1091 2067 etiam
1102 2012 1176 2083 juste
1198 2015 1289 2072 vinem
1309 2016 1337 2072 in
1358 2018 1409 2074 bac
1432 2020 1502 2088 uita,
1525 2023 1588 2093 quid
1612 2033 1655 2081 est

142 2106 255 2178 :proprie
267 2107 333 2177 quis.
358 2104 478 2174 Namque
497 2113 524 2159 et
537 2103 565 2158 in
589 2103 646 2171 ipso
660 2114 772 2170 corpore
785 2099 814 2154 in
866 2097 947 2164 aliud,
962 2100 1014 2154 nisi
1036 2100 1130 2159 audire
1154 2116 1286 2176 precepta
1299 2107 1387 2179 logis,
1410 2119 1438 2166 et
1450 2110 1654 2169 iaceretiium-

142 2195 250 2252 ababet
268 2196 349 2251 borno
367 2203 512 2266 aegrotare,
523 2192 708 2249 conualescere
721 2197 813 2245 autem
866 2185 928 2257 quid
941 2202 1005 2258 erqo
1014 2192 1173 2263 quicumque
1186 2195 1286 2251 iaciunt
1298 2208 1429 2271 precepta
1442 2202 1582 2274 legistam
1594 2207 1654 2262 sani

142 2288 218 2345 babet
231 2287 259 2343 in
273 2295 414 2358 potestate.
429 2286 545 2343 sienim
559 2283 673 2341 excedat
690 2281 811 2347 modum,
865 2278 947 2332 suntt
959 2278 1082 2337 Nondum
1097 2301 1104 2336 :
1117 2282 1165 2338 sed
1177 2293 1205 2340 ut
1217 2287 1275 2342 sani
1298 2287 1373 2356 fiant,
1397 2289 1507 2348 iaciunt.
1530 2293 1588 2349 Non
1603 2295 1653 2350 do-

142 2387 281 2450 nperanter
299 2379 385 2444 vivat,
400 2375 530 2446 iaciatque
545 2376 590 2430 iiia
601 2390 661 2446 quae
687 2381 750 2428 sunt
772 2372 816 2426 in·
866 2367 957 2424 ssciaut
973 2368 1096 2429 iaciendo
1109 2392 1115 2428 r
1130 2376 1191 2444 quia
1205 2378 1331 2446 paulatim
1345 2381 1473 2452 recipitur
1486 2384 1557 2455 quod
1569 2387 1653 2442 semei

142 2468 168 2524 ιι
183 2467 337 2535 valetudini,
358 2477 386 2524 et
408 2465 584 2538 expugnantia
597 2464 746 2537 sanitatem,
761 2476 814 2517 uno
867 2461 994 2516 amissum
1005 2471 1055 2519 est.
1069 2463 1097 2520 Si
1111 2466 1182 2520 euim
1192 2469 1245 2523 cito
1260 2469 1359 2526 rediret
1371 2471 1453 2528 bomo
1464 2474 1498 2529 ad
1513 2476 1652 2546 pristinam

142 2561 205 2628 ruit,
217 2560 288 2616 cadit
302 2560 329 2615 in
344 2559 471 2624 morbos;
486 2573 540 2613 non
559 2565 648 2611 autem
662 2570 722 2611 curn
745 2552 816 2608 oeci·
867 2552 1076 2624 beatitudinem,
1103 2558 1181 2614 ludus
1207 2560 1244 2616 iiii
1265 2572 1338 2618 esset
1359 2566 1494 2635 peccando
1516 2567 1612 2625 cadere
1626 2571 1653 2626 in

142 2651 299 2708 revalescit.
314 2650 350 2707 Ut
360 2651 431 2724 enim
446 2655 574 2719 aegrotet,
590 2661 620 2703 se
636 2647 722 2715 ipsum
737 2643 815 2700 adbi-
867 2656 991 2704 mortem.

142 2741 430 2812 itttemperantiam:ut
451 2748 540 2794 autem
563 2736 743 2800 corrralesoat,
759 2748 816 2789 me-
902 2736 1015 2796 dordr
1034 2739 1116 2796 w.-
1133 2742 1160 2797 ι.
1184 2743 1248 2798 dem
1268 2748 1398 2818 preceptis
1423 2749 1514 2804 media
1531 2750 1650 2820 remam

142 2831 240 2888 tdhibet
253 2831 419 2887 adsalutem.
434 2827 491 2884 Non
505 2828 576 2884 enim
592 2824 816 2897 potest‚utdixi·
867 2831 944 2885 etiam
965 2831 1169 2889 demutationis.
1190 2833 1293 2893 Cecidit
1312 2839 1440 2909 quisque,
1460 2841 1534 2897 verbi
1558 2844 1654 2913 gratia,

142 2938 158 2978 u
186 2932 316 2993 potestate
335 2920 435 2977 babere
457 2918 636 2989 recipiendam
657 2917 815 2984 sanitatem,
868 2919 895 2975 in
910 2921 1031 2978 morbum
1045 2926 1165 2995 corperis
1185 2941 1235 2996 per
1253 2929 1496 2999 intemperantiam,
1510 2941 1600 2987 natum
1613 2942 1657 2990 est

142 3014 163 3068 io
176 3011 257 3069 habet
268 3013 293 3067 in
310 3020 440 3083 potestate
451 3009 637 3068 amittendam.
868 3012 907 3068 iiii
927 3013 1027 3086 aliquid
1051 3017 1077 3070 in
1096 3032 1218 3086 corpore,
1231 3019 1302 3090 quod
1316 3035 1385 3091 opus
1395 3031 1436 3077 est
1448 3024 1531 3078 etiarn
1543 3025 1630 3081 secari
1644 3044 1652 3080 :

142 3100 178 3162 Ji
196 3103 228 3158 ΙΙ.
242 3133 278 3144 -
293 3103 337 3160 Sic
359 3102 439 3157 etiam
462 3101 608 3158 secundum
630 3099 763 3166 animam,
788 3106 817 3153 ut
869 3107 928 3162 sine
937 3106 1018 3163 dubio
1030 3107 1138 3164 dolores
1151 3124 1279 3179 passurus
1293 3121 1353 3179 est;
1373 3113 1421 3168 sed
1434 3113 1540 3170 dolores
1553 3116 1589 3172 iili
1602 3131 1655 3173 non

142 3194 164 3250 io
177 3196 203 3250 in
216 3203 330 3250 mortem
341 3194 449 3250 cuderet
466 3193 557 3256 bomo,
577 3201 605 3248 ut
616 3207 650 3248 ex
673 3192 816 3247 immortali
868 3208 947 3254 erunt
957 3199 1123 3256 infructuosi.
1138 3201 1168 3257 Si
1183 3202 1288 3258 dolores
1303 3205 1431 3259 sectionis
1451 3206 1504 3275 pati
1517 3221 1571 3262 uon
1581 3209 1656 3277 ruit.

142 3300 151 3341 s
165 3284 250 3352 beret,
265 3293 295 3340 ut
307 3286 468 3342 subderetur
482 3284 588 3340 diabolo
601 3283 745 3349 seductori,
767 3283 819 3340 iuit
869 3305 974 3346 vermes
988 3291 1134 3361 putredinis
1148 3295 1272 3363 patietur.
1284 3294 1378 3365 incipit
1392 3312 1456 3366 erqo
1465 3296 1556 3354 dicere
1563 3298 1658 3355 medi·

142 3376 355 3443 iiberoarbitrio;
366 3391 419 3448 quo
430 3376 596 3432 adinteriora
606 3376 763 3432 declinando
773 3391 817 3431 su·
869 3397 932 3438 cus:
944 3381 1062 3439 Observa
1074 3383 1136 3439 iliud
1151 3395 1230 3456 atque
1244 3386 1318 3452 iliud,
1335 3386 1387 3443 boc
1400 3389 1455 3444 noii
1469 3398 1588 3460 ungere,
1602 3391 1657 3447 noli
1672 3406 1675 3415 ·

147 3468 280 3537 deseruit,
294 3479 417 3525 etaurem
428 3467 574 3540 prebendo
583 3469 710 3538 serpenti,
725 3482 817 3524 aurem
869 3473 921 3528 isto
944 3473 1005 3530 cibo
1024 3476 1062 3530 uti
1086 3475 1217 3546 velpem,
1238 3477 1371 3546 inquietus
1384 3493 1444 3534 esse
1465 3480 1499 3535 ad
1513 3481 1586 3537 iiiam
1599 3496 1658 3538 rem

142 3561 165 3616 td
176 3562 270 3626 bruun
288 3560 614 3631 atquecoustitutusinter
626 3567 818 3629 preceptorem
870 3557 934 3612 noli.
948 3556 1042 3628 incipit
1053 3557 1150 3623 iacere,
1163 3559 1218 3629 iam
1232 3560 1377 3616 observans
1388 3571 1430 3617 est
1442 3573 1656 3633 praeceptorum:

142 3650 819 3724 torem,maqisseductortquampraeceptoriobtem
870 3645 1047 3705 sednoudum
1060 3662 1150 3704 sanus.
1166 3649 1225 3717 Quo
1239 3663 1303 3720 erqo
1324 3650 1395 3705 vaiet
1416 3652 1488 3722 quod
1509 3653 1658 3709 observati
1758 3726 1761 3732 .

142 3745 242 3817 ieieqit.
258 3743 415 3802 Undeenim
428 3743 528 3798 audivit
540 3743 633 3809 Deum,
645 3741 819 3797 indeaudivit
868 3738 908 3795 Ne
921 3738 1004 3809 pestis
1017 3753 1077 3812 quae
1098 3739 1135 3794 iiii
1157 3740 1253 3795 accidit
1264 3749 1400 3811 augeatur,
1415 3751 1496 3813 atque
1512 3752 1549 3798 >ut
1575 3744 1658 3801 etiam

142 3855 174 3893 nr.
189 3837 277 3907 Quare
290 3853 353 3907 ergo
379 3852 432 3892 non
456 3836 545 3907 potius
567 3835 671 3892 meliori
684 3835 817 3892 credidit?
870 3832 1012 3887 minuatur.
1040 3829 1109 3899 Quid
1128 3845 1193 3903 erqo
1215 3832 1352 3903 sequiturt
1372 3833 1490 3890 Accedat
1503 3844 1610 3906 oportet
1623 3836 1659 3894 ad

142 3929 258 3987 =inrenit
271 3944 362 3985 uerum
380 3943 440 3984 esse
463 3926 534 3998 quod
554 3926 712 3997 predixerat
731 3927 815 3992 Deris,
870 3921 1082 3977 obseruationem
1104 3931 1296 3992 preceptorum
1319 3923 1400 3977 etiam
1425 3923 1520 3980 medici
1540 3926 1659 3982 secantis

142 4020 210 4092 quod
230 4020 388 4090 promiserat
409 4018 540 4074 diabolus.
565 4017 628 4073 Huc
641 4018 727 4089 prima
741 4019 818 4089 origo
870 4025 984 4077 manus,
998 4019 1025 4067 et
1041 4010 1147 4068 dolores
1167 4011 1287 4070 salubres
1300 4011 1453 4085 indigentis.
1479 4014 1509 4071 Si
1530 4031 1595 4087 erqo
1609 4016 1656 4073 iiie

142 4128 164 4166 m
179 4118 341 4175 nostrorum,
354 4108 627 4170 baecradiromnium
638 4108 816 4176 miseriarum,
871 4103 974 4174 positus
986 4103 1119 4160 inuuere
1144 4103 1250 4174 putrido
1271 4103 1353 4172 dicat,
1370 4104 1438 4174 Quid
1461 4107 1526 4162 mibi
1551 4107 1661 4177 prodest

141 4215 186 4256 ren
200 4202 294 4256 mortis
306 4215 340 4256 ex
354 4197 459 4270 propria
472 4206 500 4253 et
513 4198 596 4254 libera
609 4199 745 4254 uoluntate
764 4200 819 4270 pri·
870 4197 932 4268 quia
943 4197 1056 4252 observo
1067 4206 1218 4266 praecepta,
1239 4197 1263 4252 si
1277 4195 1386 4253 dolores
1400 4198 1487 4269 patior
1508 4198 1660 4257 metionis?

142 4291 196 4348 inis
210 4309 217 4345 :
231 4291 276 4363 qui
298 4296 336 4347 sic
356 4302 398 4346 est
411 4289 496 4345 iactus
507 4299 558 4358 ‚ut
574 4291 597 4345 si
611 4290 731 4347 obediret
744 4291 817 4357 beo,
871 4290 1063 4361 respondetur,
1077 4287 1130 4346 Sed
1146 4298 1259 4361 utroque
1277 4290 1432 4356 curaberis.
1449 4300 1476 4347 et
1488 4292 1659 4348 obseruantia

150 4384 244 4441 beatus
269 4391 297 4438 ct
314 4382 573 4444 immortalisesset;
598 4381 621 4435 si
635 4382 780 4452 negligeret
791 4391 820 4437 et
870 4392 1081 4455 praeceptorum,
1106 4389 1134 4438 et
1152 4382 1290 4438 tolerantia
1316 4382 1449 4437 doiorum.
1477 4382 1591 4438 Tantum
1617 4392 1661 4439 est

142 4487 215 4534 oerct
226 4485 387 4547 praeceptum
406 4474 483 4545 ejus,
498 4474 544 4543 qui
555 4472 660 4529 solebat
673 4475 699 4529 in
713 4474 759 4530 iilo
773 4490 819 4530 sa·
871 4477 943 4534 enim
967 4476 1038 4548 quod
1062 4475 1149 4531 iecisti
1163 4476 1227 4542 tibi,
1253 4491 1307 4530 non
1321 4475 1487 4530 obseruando
1498 4491 1559 4531 cum
1577 4490 1660 4532 sanus

142 4577 285 4639 terpetuam
297 4567 448 4632 custodire,
468 4566 495 4620 in
511 4564 633 4621 morbum
648 4565 819 4624 mortalitatis
871 4582 955 4625 esses.
965 4567 1110 4638 acquiesce
1120 4565 1329 4637 itaquemedieo‚
1342 4565 1428 4622 donec
1439 4567 1561 4624 saneris:
1574 4567 1660 4622 meri·

142 4672 156 4717 t.
170 4661 245 4717 'iuuc
257 4675 321 4731 ergo
333 4660 453 4715 medicus
466 4672 481 4713 a
501 4673 566 4714 sano
578 4667 746 4728 contemptus
758 4666 817 4726 est,
872 4669 927 4715 tutu
935 4666 977 4713 est
983 4657 1054 4713 enim
1063 4656 1159 4712 ulceris
1166 4657 1214 4723 tui,
1225 4655 1351 4727 quidquid
1361 4655 1657 4727 paterismoiestiarum.

141 4764 193 4810 rrat
211 4763 350 4824 agrotum.
369 4749 426 4808 bria
438 4759 501 4808 sunt
514 4750 585 4807 enim
600 4760 745 4823 praecepta,
758 4766 819 4822 quae
895 4746 1019 4805 -CAPUT
1040 4747 1108 4802 V.-
1116 4747 1143 4803 5.
1158 4744 1274 4804 cbristus
1287 4746 1397 4801 medicus
1406 4746 1529 4817 montedo
1539 4763 1585 4802 nos
1595 4763 1660 4818 pau·

142 4847 229 4903 dioina
252 4846 284 4900 ad
308 4845 448 4902 tenendam
475 4845 632 4909 sanitatem;
654 4845 726 4898 sanis
746 4843 818 4898 enim
873 4843 944 4896 iutim
956 4847 1039 4899 aanor.
1054 4839 1100 4895 Sic
1112 4839 1186 4895 uenit
1194 4839 1228 4895 ad
1242 4837 1368 4895 afflictum
1383 4847 1409 4892 et
1424 4838 1587 4894 laborantem
1600 4852 1660 4893 me·

162 4953 197 4994 ne
223 4947 353 5008 aegrotent
372 4955 378 4991 z
394 4935 445 4990 alia
470 4943 532 4991 sunt
549 4943 655 5001 autem,
681 4949 740 5005 quae
763 4933 819 5003 jam
871 4930 1097 4997 dicustristus,
1112 4929 1156 5000 qui
1171 4928 1230 4984 ait:
1246 4927 1307 4984 Non
1320 4939 1356 4984 ert
1372 4945 1435 5000 opus
1451 4930 1519 4984 rania
1532 4929 1659 4999 medicas,

142 5030 278 5100 rccipiunt,
293 5038 322 5084 ut
332 5037 491 5098 recuperent
504 5026 575 5098 quod
588 5027 746 5083 amiserunt.
872 5025 988 5081 acduuaie
999 5021 1155 5078 debentibus.
1166 5020 1227 5075 Nou
1240 5023 1294 5076 uerri
1312 5024 1497 5094 eocarejuuoe,
1510 5022 1555 5076 aed
1567 5037 1656 5093 pecca·

142 5121 180 5179 UT
199 5119 280 5176 ilt-
289 5121 391 5176 Βοιιιιιι
405 5130 462 5175 erat
476 5119 576 5175 bomini
592 5126 621 5174 ut
631 5117 752 5174 obediret
763 5132 820 5173 me·
874 5127 939 5172 tores
946 5114 1051 5188 (diuum
1062 5129 1102 5180 rx,
1114 5111 1245 5182 raetia).
1253 5112 1338 5168 Vocat
1351 5122 1502 5183 peccatores
1510 5113 1543 5168 ad
1555 5129 1657 5183 pacem.

142 5227 186 5268 um
199 5225 281 5268 santus
299 5220 387 5275 esset,
414 5225 448 5265 oe
469 5209 587 5265 medicus
605 5209 643 5263 iiii
656 5222 724 5278 opus
737 5219 819 5263 esset.
873 5219 950 5266 uocat
971 5215 1131 5279 egrotantes
1152 5205 1186 5260 ad
1210 5205 1361 5261 sanitatem.
1376 5205 1661 5275 imperatddem‚·im·

142 5313 152 5359 t
170 5304 242 5360 enim
263 5303 408 5374 oportunis
431 5301 550 5367 medicus,
566 5301 611 5355 aed
628 5299 818 5371 oeqrotontibur.
874 5310 948 5372 perat
960 5298 1148 5356 continentiam
1158 5339 1167 5367 ,
1178 5297 1398 5367 temperantiam,
1413 5299 1602 5364 sobrietatem
1617 5314 1661 5355 ro·-

142 5397 253 5468 tquippe
262 5395 380 5451 medicus
394 5394 501 5459 dicitur,
515 5407 651 5462 perquem
662 5391 762 5447 sanitas
773 5406 819 5446 re·
873 5390 1208 5462 irenatmncupiseentiam
1219 5377 1343 5444 'avaritiae
1354 5389 1434 5444 :dicit
1446 5390 1507 5471 quid
1521 5390 1659 5456 iaciamus,

143 5502 185 5542 ur.
195 5486 263 5543 Nam
272 5501 378 5556 semper
390 5486 462 5540 Deus
471 5483 590 5538 medicus
603 5496 670 5552 opos
684 5491 726 5538 est
738 5481 819 5538 etiam
873 5483 937 5556 quid
950 5484 1131 5539 observemus.
1148 5481 1197 5548 Qui
1210 5480 1335 5535 observat
1345 5478 1413 5541 bac.
1434 5481 1489 5549 iam
1507 5489 1594 5550 potest
1605 5481 1660 5537 diei

142 5590 162 5637 ιι
180 5583 280 5639 sanitas
293 5582 349 5651 ipsa
368 5588 496 5635 teneatur.
512 5578 689 5648 Bonumerqo
703 5577 742 5632 ilii
761 5583 820 5633 erat
871 5576 942 5645 juste
967 5576 1059 5632 virere
1078 5572 1223 5640 seprmdum
1254 5580 1414 5642 praeceptum
1437 5572 1573 5628 medicinae
1589 5592 1595 5627 :
1610 5574 1659 5630 sed

151 5683 306 5738 oeroetuam
325 5673 481 5736 sanitatem.
496 5672 589 5738 inqua
611 5670 734 5729 conditus
750 5678 819 5727 erat.
875 5668 990 5728 nondum
1003 5668 1102 5735 recepit
1116 5667 1186 5723 iiiam
1195 5665 1335 5722 sanitatem
1345 5671 1372 5720 et
1383 5663 1453 5725 iiiam
1463 5665 1591 5730 interram
1606 5679 1655 5721 aa·
1697 5746 1703 5763 .
