3750 6270
619 264 622 271 ·
641 222 757 286 Simo
772 219 936 284 CLXXXIII.
1547 235 1617 292 m.

102 355 307 416 itucondtetur
316 352 449 410 Christum
461 352 488 408 in
498 364 579 406 camo
589 348 711 404 venisse:
725 352 765 399 ta·
817 341 898 399 Filius
918 342 965 401 fici
989 361 997 399 r
1021 357 1187 417 queremus,
1208 345 1326 420 quidest
1343 343 1505 407 Riiius'hei.
1531 352 1601 409 Ecca

102 449 232 506 riaosmn
246 452 289 502 εει
301 444 344 500 hic
354 457 472 500 errores
487 441 552 497 beo.
817 436 900 493 Filius
912 436 959 495 fisi
974 435 1029 493 ifn
1042 438 1166 512 principio
1179 450 1232 495 emt
1254 438 1409 504 Verisimet
1428 441 1538 498 verim
1547 453 1602 500 erat

102 537 131 596 ff
147 537 226 595 fh·
236 537 264 592 ἰ
280 535 400 592 fferretici
415 534 443 589 in
453 532 500 587 boc
512 531 670 599 eunomium,
687 538 714 584 ιιι
724 544 766 584 ne·
816 527 886 597 epod
899 527 996 596 Dum,
1016 537 1040 584 et
1052 529 1117 584 fieres
1133 539 1186 585 erat
1208 531 1314 588 Verium
1329 550 1339 599 ,·
1355 533 1402 588 froc
1422 544 1475 589 erat
1487 535 1515 590 itt
1529 536 1602 606 prin·

102 632 177 688 istun
194 630 224 684 itt
239 643 315 683 errae
334 627 437 682 temere.
457 622 581 691 Proinde,
602 619 763 689 charissimi,
816 619 958 690 cipioupud
967 619 1060 675 Deum.
1077 620 1109 676 fn
1120 623 1304 695 principicemt
1313 623 1429 680 Verbum.
1443 625 1510 693 Quid
1524 626 1600 690 dicis,

102 720 341 786 emmidcrerms,
356 716 479 788 quoniam
490 730 542 771 non
556 714 706 771 dubitamus
718 728 765 770 re·
817 709 937 767 brianci
949 709 982 765 fn
997 713 1131 783 principio,
1152 713 1221 769 sicot
1238 714 1303 770 dicit
1316 714 1438 782 Genesis,
1453 715 1511 786 {ecit
1531 715 1602 771 Deus

102 811 294 877 sscnaentiam,
308 803 396 866 Omnis
414 808 706 880 spiritusqsiconfitetur
724 804 766 862 Je·
816 805 906 859 caetum
929 812 953 860 ct
982 813 1073 859 terram
1090 803 1172 876 (Cen.
1194 822 1214 873 r,
1238 804 1290 877 ι);
1312 814 1448 863 tuentem
1468 807 1546 875 dicis,
1571 806 1600 864 in

102 904 450 969 mercamentum
464 901 516 957 fico
525 912 561 956 est
572 917 582 956 .·
593 899 766 959 convincendi
817 894 946 968 principio
958 894 1021 952 fecit
1029 897 1100 954 fieus
1111 896 1239 954 Verbum.
1253 898 1361 955 Factum
1373 900 1443 955 enim
1456 900 1524 956 dicis
1535 900 1602 956 Ver-

102 994 198 1068 iqcod
218 1011 271 1050 non
293 994 468 1050 confiteantur
491 992 624 1048 Christum
643 992 670 1046 in
686 1005 766 1047 mmo
817 986 899 1055 bum,
914 995 1060 1044 erecturam
1083 987 1149 1044 dicis
1170 987 1296 1045 Verbum.
1319 989 1360 1044 'fn
1376 1005 1440 1060 crgo
1462 989 1546 1057 dicis,
1572 990 1602 1046 fn

116 1088 183 1145 firm
203 1088 277 1143 sicis
296 1086 374 1140 istam
395 1085 604 1140 concesserimus
623 1083 767 1140 confessio·
817 1079 946 1153 principio
963 1077 1025 1135 fecit
1036 1080 1107 1136 [icus
1120 1079 1235 1137 Verbum
1254 1098 1261 1135 ι
1282 1080 1329 1137 scd
1342 1081 1509 1152 Rrangciista
1524 1081 1600 1148 dicit,

102 1179 180 1235 tileo
197 1177 258 1234 iilos
271 1191 331 1233 esse
344 1175 493 1231 fatebimur.
507 1171 645 1243 Quomodo
664 1187 713 1228 ros
732 1172 767 1229 ab
818 1172 852 1228 fn
875 1172 999 1245 principio
1012 1182 1066 1228 erat
1081 1171 1199 1228 Verium.
1214 1173 1246 1229 Et
1261 1173 1321 1228 ideo
1341 1174 1367 1228 in
1388 1174 1516 1245 principio
1538 1173 1603 1230 fecit

102 1270 233 1328 erroribus
257 1269 300 1324 ref
322 1267 503 1339 prohibemus,
529 1265 569 1320 rei
588 1265 763 1330 deterremus,
819 1264 890 1320 Reus
916 1265 1012 1339 coelum
1030 1272 1058 1319 et
1077 1272 1191 1329 terram,
1213 1264 1273 1334 quia
1291 1274 1348 1318 erat
1363 1263 1487 1318 Verbum.
1509 1261 1603 1319 Omnia

102 1376 166 1419 rsus
184 1375 231 1417 eos
250 1359 326 1416 scuto
339 1358 456 1415 ueritatis
478 1354 667 1413 defendimus?
681 1354 766 1426 ddju·
819 1373 863 1428 per
877 1356 959 1426 ipsum
973 1359 1041 1429 [acta
1058 1365 1117 1410 sunt
1139 1355 1227 1427 (fourr.
1241 1372 1265 1422 t,
1280 1354 1347 1427 t-5).
1364 1355 1473 1411 Factum
1485 1355 1560 1412 dicis.
1571 1355 1601 1413 Si

124 1453 260 1516 boninus,
286 1450 346 1522 quia
370 1459 398 1506 et
419 1456 507 1506 uestra
531 1450 693 1519 exspectatio
719 1462 767 1517 pro
818 1448 917 1505 factum
928 1447 1117 1514 dicis,Fiiinm
1132 1463 1233 1519 negas..

102 1546 168 1602 ratio
187 1553 238 1609 est,
252 1554 281 1600 ut
299 1543 488 1601 convincantur
499 1542 543 1598 isti
556 1545 617 1614 qnia
629 1554 682 1598 uon
703 1556 768 1599 con·
854 1538 966 1596 CAPUT
984 1536 1107 1594 itt-5.
1127 1537 1200 1593 fdem
1220 1546 1340 1593 barmim
1359 1546 1542 1610 crpumemum.
1556 1535 1603 1594 rt-

102 1637 237 1694 Cbristum
250 1635 496 1692 incarneuenisse.
821 1633 886 1713 lium
910 1631 981 1688 enirn
1003 1630 1145 1703 querimus
1168 1638 1278 1697 natura,
1301 1644 1354 1684 non
1375 1629 1480 1701 gratim
1507 1628 1604 1685 Filium

102 1729 182 1795 Reor,
202 1727 326 1798 quomodo
345 1734 420 1799 necat
439 1725 567 1780 Christum
586 1725 613 1779 in
629 1741 705 1781 cume
726 1741 769 1780 ne·
820 1726 945 1795 unicum,
959 1723 1141 1795 unigenitum,
1156 1736 1208 1778 nou
1229 1721 1390 1791 adoptatum.
1404 1719 1495 1776 'feiem
1507 1719 1604 1776 Riiinm

102 1819 199 1876 triarius
223 1817 306 1882 audit,
330 1826 357 1873 et
382 1815 508 1887 predicet
532 1822 635 1887 partum
658 1815 768 1886 uirginis
820 1816 972 1889 querimus,
986 1823 1040 1870 tam
1053 1827 1145 1870 verum
1164 1811 1262 1867 Filium
1273 1811 1425 1882 querimus,
1444 1811 1488 1883 qui
1504 1827 1561 1865 cunr
1576 1810 1605 1866 in

102 1910 244 1969 Confitetur
267 1923 331 1979 ergo
342 1906 475 1965 Christum
491 1908 517 1963 in
538 1921 618 1963 carne
635 1906 742 1963 uenisse
755 1908 767 1959 ι
820 1906 964 1980 formatici
977 1914 1053 1972 esset,
1066 1903 1186 1975 Apostoli
1200 1903 1280 1958 verbu
1301 1911 1377 1964 sunt,
1398 1909 1506 1972 propter
1523 1901 1605 1958 rudes

102 2000 207 2058 nmmo
231 1999 372 2071 probamus
385 1998 398 2051 f
413 1998 440 2054 Si
461 1997 567 2069 adjuvet
587 1997 714 2053 Dominus
729 1997 770 2052 in·
820 2012 1010 2063 commemoro,
1034 2010 1069 2051 ne
1091 2009 1151 2051 mea
1165 1994 1244 2049 verbu
1260 2001 1403 2064 putentur:
1417 1992 1489 2048 ilium
1506 1982 1617 2049 Rilium'

102 2092 146 2150 ies
166 2099 279 2157 restms,
303 2090 438 2146 facillime.
459 2089 526 2157 Quid
541 2098 582 2145 est
603 2088 769 2160 quodexigi·
820 2092 972 2163 querimus,
993 2089 1036 2160 cci
1056 2102 1114 2142 cam
1135 2087 1162 2140 in
1181 2088 1263 2159 forma
1286 2082 1333 2138 Dei
1354 2091 1426 2150 erret,
1448 2083 1518 2139 sicut
1539 2081 1606 2139 dicit

102 2183 176 2240 sstrum
195 2183 352 2239 confricetur
371 2181 461 2238 iesum
483 2180 617 2236 Christum
639 2179 666 2235 iu
688 2194 770 2237 carne
820 2181 973 2254 Apostolus,
999 2194 1050 2234 non
1073 2177 1189 2248 rupinum
1210 2175 1345 2230 arbitratur
1366 2182 1403 2229 ert
1425 2190 1478 2229 esre
1499 2173 1604 2244 oeqcafir

114 2274 253 2344 Quomodo
266 2274 385 2330 confiteri
406 2281 503 2344 potest,
524 2274 551 2330 in
569 2286 650 2330 carno
663 2273 768 2329 venisse
821 2272 885 2328 Dec.
907 2271 965 2326 Non
985 2267 1087 2339 rapina,
1102 2265 1163 2337 quia
1183 2272 1285 2320 natura.
1305 2263 1402 2319 Natura
1416 2273 1483 2330 erat,
1511 2262 1604 2334 rapina

102 2364 230 2430 hristum,
253 2366 298 2436 qni
318 2373 396 2435 negat
418 2365 504 2436 ipsum
520 2363 683 2420 *Christumf
703 2364 768 2433 Quis
821 2379 874 2420 non
893 2370 959 2418 eret.
982 2359 1042 2415 Non
1062 2358 1178 2428 rapinam
1201 2357 1336 2411 arbitratur
1355 2364 1392 2410 ert
1420 2371 1473 2409 erse
1499 2353 1605 2425 oeqccfir

102 2455 285 2514 ttChristus'i
305 2456 412 2511 Beatum
435 2455 542 2511 Petrum
566 2456 769 2527 interrogemus.
820 2453 885 2508 Deo.
908 2450 967 2507 Nou
989 2457 1047 2506 erat
1067 2447 1092 2504 ei
1105 2443 1208 2517 rapine,
1223 2453 1316 2501 netum
1337 2455 1394 2500 erat
1409 2462 1416 2496 ε
1432 2444 1470 2500 sie
1490 2453 1548 2500 erat
1569 2460 1604 2502 ex

102 2561 134 2604 mr
153 2546 323 2617 Evangeiium
335 2546 475 2616 legeretur,
488 2544 610 2614 audistis,
625 2561 684 2602 curn
694 2562 771 2618 quae·
821 2543 985 2609 eternitate,
1008 2540 1048 2596 sic
1072 2545 1133 2595 eret
1152 2546 1301 2594 constemus
1325 2534 1462 2606 proceni,
1486 2535 1526 2591 sic
1548 2544 1607 2592 erat

102 2638 204 2696 ominus
216 2639 273 2710 ipse
286 2637 364 2693 iesus
375 2636 505 2703 Christus,
519 2653 598 2709 quem
613 2637 770 2694 iilumdice-
821 2633 929 2705 aequabis
950 2630 1031 2697 Patri,
1054 2629 1094 2685 sic
1113 2636 1180 2684 erat.
1201 2625 1369 2697 semetipsum
1382 2625 1552 2690 exinaniet:
1574 2634 1607 2682 nt

102 2729 190 2785 mines
208 2728 303 2784 Fifinm
317 2727 433 2783 hominis
448 2743 456 2793 ;
471 2727 664 2799 responderunt
685 2727 768 2783 disei-
822 2726 995 2783 confiteamur
1003 2722 1092 2780 iesum
1100 2720 1234 2778 Christum
1250 2718 1277 2773 in
1290 2732 1371 2789 carne
1381 2717 1496 2774 venisse.
1506 2717 1606 2774 Semet-

103 2819 197 2876 niones
220 2821 331 2887 atienas,
358 2827 385 2874 ει
406 2819 550 2874 dixerunt:
571 2817 623 2873 etti
645 2817 771 2874 ioannem
821 2817 904 2889 iprrtm
921 2814 1067 2870 exinanivit.
1081 2809 1244 2880 Quomodoi
1269 2806 1421 2864 Amittendo
1441 2806 1512 2878 quod
1535 2817 1605 2876 erat,

102 2927 145 2978 nt,
166 2912 211 2966 ofii
235 2911 336 2977 Etiam,
361 2910 406 2965 ciii
425 2909 572 2978 Jernniam,
590 2919 635 2965 cat
648 2927 726 2966 unum
740 2927 772 2968 es
821 2928 856 2969 an
875 2911 1036 2969 assumendo
1053 2908 1186 2981 quodnou
1200 2909 1280 2964 erati
1299 2906 1430 2976 Sequetm
1442 2904 1606 2974 Apostolus3

102 2988 132 3059 iri
153 3002 204 3073 Qui
227 3003 285 3058 hoec
306 3002 498 3058 confitebantur
518 3001 559 3058 uei
588 3001 769 3071 confitentur,
822 3006 959 3063 audiamus
975 3022 982 3060 :
996 3002 1163 3074 Semetipmnt
1176 2999 1322 3065 exinanivit,
1338 2997 1446 3068 formam
1459 2996 1523 3052 serni
1536 2995 1606 3050 acci-

102 3095 222 3152 :uncum
242 3095 302 3166 pius
315 3109 394 3165 quam
407 3094 541 3151 hominem
562 3109 614 3150 non
628 3104 769 3151 noverunt.
823 3095 912 3168 piens(
921 3092 1037 3166 Philipp.
1052 3109 1087 3160 rt,
1102 3093 1130 3156 6,
1145 3089 1193 3162 7).
1208 3090 1252 3148 Sic
1266 3104 1296 3146 se
1310 3087 1474 3155 exinaniuit,
1493 3084 1609 3142 formam

102 3185 217 3243 tiesum
239 3184 373 3241 Christum
389 3185 537 3256 piusquam
561 3184 695 3241 hominem
717 3200 770 3242 non
823 3187 894 3244 serui
911 3186 1061 3256 accipiens,
1081 3199 1134 3239 uon
1152 3183 1262 3238 formam
1289 3180 1337 3236 bei
1356 3179 1491 3234 amittens.
1511 3176 1609 3233 Forma

102 3287 127 3346 n,
146 3277 236 3335 iesum
256 3276 390 3334 Christum
408 3278 497 3346 utique
518 3291 571 3332 non
589 3285 728 3334 noverunt.
741 3276 770 3334 Si
824 3280 893 3335 servi
908 3278 1028 3344 accessit,
1043 3291 1097 3332 non
1111 3274 1194 3330 foruna
1209 3273 1256 3329 Dei
1274 3271 1406 3328 discessit.
1422 3269 1479 3325 Roc
1491 3277 1533 3324 est
1544 3281 1609 3324 con·

102 3370 254 3428 niommodo
268 3369 347 3427 homo
365 3377 415 3435 est,
431 3378 458 3426 et
482 3369 547 3424 nihii
569 3370 693 3441 amphus,
716 3385 770 3426 non
824 3370 894 3426 fiteri
916 3368 1050 3424 Christum
1065 3367 1091 3422 in
1104 3379 1185 3422 carne
1202 3363 1317 3421 uenisse.
1329 3361 1444 3417 brianus
1458 3367 1548 3415 antem
1562 3356 1611 3429 qut

121 3461 341 3520 iesnsChristus.
367 3461 418 3517 Vct
437 3476 506 3534 erpo,
526 3461 619 3532 inquit,
640 3477 712 3532 quem
734 3477 774 3516 me
823 3478 877 3520 non
894 3463 1036 3519 confitetur
1053 3459 1197 3530 equalem,
1220 3472 1272 3513 non
1287 3456 1432 3512 confitetur
1449 3451 1557 3507 Riiium.
1579 3449 1609 3507 si

102 3553 147 3610 itii
163 3554 176 3608 f
193 3552 341 3623 Respondit
358 3551 468 3615 Petrus,
486 3566 554 3606 unus
578 3565 626 3621 pro
638 3551 772 3619 omnibus,
817 3569 877 3611 ‚non
890 3552 1030 3609 confltetur
1043 3534 1150 3615 Filium,
1165 3562 1219 3604 non
1232 3546 1374 3604 confitetor
1389 3544 1533 3601 Christum.
1554 3540 1608 3609 Qui

102 3644 160 3701 tifts
180 3644 206 3700 in
227 3643 349 3699 omnibus
365 3641 426 3698 :Tu
444 3658 470 3698 et
491 3640 606 3698 Christus
626 3642 709 3698 f't'lt'ttt
725 3640 774 3698 Dei
825 3662 879 3703 non
897 3632 1037 3702 confitetur
1059 3642 1204 3707 Christum,
1224 3638 1357 3710 quomodo
1376 3636 1517 3694 confitetur
1529 3632 1607 3692 Chri·

102 3738 161 3792 ειιι.
179 3753 233 3803 rvr,
250 3733 361 3808 ibid).
826 3749 896 3795 stum
910 3737 937 3792 in
951 3750 1031 3792 carne
1042 3734 1171 3791 vertisse?

102 3825 136 3886 Π·
152 3826 195 3882 ΙΙΙ.
209 3857 244 3868 ·-
254 3827 281 3882 f.
295 3824 497 3882 fdemtractotrtr
508 3833 691 3897 crpumentrrm.
701 3824 771 3882 Ecce
859 3826 972 3886 cheth
990 3825 1100 3882 tt-s.
1120 3823 1305 3879 Ennomicnur.
1320 3819 1365 3878 sie
1378 3828 1406 3876 et
1429 3817 1610 3875 Eunomiantts

102 3917 284 3975 confessionem
304 3930 406 3980 reram,
434 3915 628 3971 confessionem
654 3916 769 3986 plenam.
827 3919 955 3990 parcius,
967 3916 1056 3973 socius
1068 3915 1142 3985 eins,
1156 3928 1210 3969 non
1229 3913 1341 3968 multum
1359 3910 1490 3967 dirersm.
1504 3909 1612 3965 Etenim

102 4009 184 4065 renim
198 4008 279 4064 debes
289 4016 438 4077 utrumqne,
447 4006 517 4077 quod
526 4005 740 4074 deseChristos,
748 4015 776 4063 et
826 4012 953 4067 dicuntur.
970 4008 1060 4064 triani
1079 4005 1194 4063 corrfessi
1216 4003 1298 4060 fuisse
1316 4003 1378 4075 quia
1396 4002 1439 4058 uel
1458 3999 1552 4057 similis
1570 4007 1613 4057 est

102 4101 228 4157 erristo
241 4100 345 4156 Petrus.
360 4100 426 4167 Quid
440 4099 474 4155 de
485 4114 515 4155 se
532 4098 674 4155 Christus?
693 4099 774 4167 Quem
826 4103 898 4159 Patri
911 4100 994 4157 Filius
1008 4117 1016 4166 ;
1037 4100 1099 4156 etsi
1114 4114 1167 4153 non
1179 4098 1288 4169 aequalis
1301 4096 1436 4162 dixerunt,
1448 4094 1496 4152 sed
1505 4093 1612 4159 similis,

102 4189 773 4257 ntfmnrinererreh'ificmbominiaiQuidchirnsto
827 4196 882 4261 iile,
905 4209 956 4251 nec
972 4193 1076 4249 similis.
1102 4192 1135 4247 Et
1154 4192 1204 4248 iste
1228 4204 1292 4261 ergo
1315 4197 1395 4261 negat
1417 4186 1562 4245 Christum·
1583 4183 1614 4242 Si

102 4280 173 4336 ifn
188 4298 215 4335 es
235 4279 348 4336 Cirr-istus
377 4279 458 4334 Filius
483 4278 531 4335 Dei
554 4280 612 4334 cini.
629 4279 776 4350 Utrumque
797 4281 802 4287 '
827 4286 898 4341 cnim
919 4284 1041 4341 Christus
1062 4297 1141 4338 uerus
1168 4282 1238 4338 f'atri
1260 4281 1369 4351 aequalis
1393 4287 1434 4336 est
1454 4286 1483 4335 et
1502 4275 1612 4342 similis,

102 4386 130 4438 e,
139 4372 243 4426 etronit
252 4370 372 4427 Christus
384 4371 410 4424 in
418 4386 506 4426 carne.
516 4371 611 4427 Rocde
620 4369 775 4427 serristns
827 4375 947 4447 profecto
967 4377 1012 4447 qui
1033 4384 1109 4445 negat
1132 4374 1272 4443 aequatem,
1297 4379 1376 4443 negat
1397 4371 1531 4428 Christum
1544 4384 1553 4434 ;
1567 4368 1614 4440 qui

102 4463 161 4518 inus
180 4473 231 4528 est,
252 4462 344 4519 hocde
355 4462 462 4519 Christo
482 4463 576 4519 Petrus
592 4464 663 4534 quod
691 4464 776 4534 majus
828 4476 906 4536 negiu
917 4466 1040 4530 similem,
1052 4472 1129 4533 negat
1143 4455 1286 4518 Christum.
1300 4462 1350 4530 Qni
1362 4468 1514 4532 emonegnt
1525 4472 1616 4528 aeque·

102 4555 201 4626 spondit
219 4554 374 4611 dereritotc
388 4556 530 4620 humilitas,
542 4555 612 4612 etde
629 4556 776 4613 hnmiiitatc
828 4559 880 4614 iem
903 4569 931 4614 et
951 4557 1076 4620 similem,
1099 4564 1176 4624 negat
1196 4555 1222 4609 in
1243 4568 1324 4608 carno
1345 4550 1449 4608 venisse
1467 4548 1621 4619 Christum,

101 4645 167 4701 :hoc
174 4646 255 4701 estdc
270 4648 380 4701 veritate
391 4647 438 4702 Dei
448 4646 592 4712 humilitus,
601 4646 777 4702 ctdchumili-
828 4650 924 4718 Qumro
937 4649 1007 4706 enim
1022 4668 1030 4704 :
1045 4648 1123 4703 Venit
1146 4646 1172 4701 in
1191 4661 1271 4701 carue
1283 4643 1403 4700 Christus
1415 4641 1428 4697 i
1442 4638 1614 4711 Respondet:

102 4736 167 4791 “5⁰5⁸
180 4738 286 4791 veiim·
296 4736 375 4804 inm
388 4737 521 4791 medicum
534 4736 646 4792 ftorniner
659 4754 722 4803 0⁸⁸³,
734 4738 774 4792 in·
829 4743 917 4799 Vertit.
933 4741 967 4797 Ει
985 4751 1107 4811 putamus
1119 4740 1180 4810 qnia
1204 4737 1354 4794 confitetur.
1380 4734 1516 4802 interrogo
1530 4749 1538 4786 z
1551 4729 1618 4798 Quis

102 4827 661 4898 fiumfrominiribicoegoquodfactussum
671 4839 778 4900 propter
828 4833 948 4890 Christus
961 4832 1033 4888 uenit
1048 4831 1075 4886 in
1094 4846 1174 4886 corrue
1185 4829 1198 4882 f
1210 4826 1318 4899 aequaiis
1343 4825 1429 4891 Patri,
1451 4838 1486 4878 an
1500 4823 1617 4890 ineque·

107 4925 149 4982 tu,
162 4917 249 4983 Perre,
261 4919 319 4989 quis
327 4919 418 4988 estqui
429 4917 555 4974 feeitvos.
564 4919 614 4986 Qui
622 4935 685 4991 ergo
694 4921 777 4976 confr·
830 4924 862 4979 iis
878 4925 890 4978 ‘i
909 4921 1062 4993 Respondet
1083 4918 1256 4990 :inaequaiis
1280 4916 1437 4987 inequalem
1459 4927 1523 4983 ergo
1545 4908 1617 4965 Patri

102 5021 159 5063 tum
172 5007 306 5064 Christum
317 5008 344 5063 in
352 5024 433 5064 carno
441 5009 556 5077 ventsse,
566 5011 685 5080 profecto
692 5011 777 5067 confi·
829 5015 897 5071 dicis
909 5014 1012 5069 venisse
1022 5013 1049 5068 in
1062 5027 1142 5068 cerne
1155 5029 1162 5066 ι
1181 5024 1264 5081 nepus
1274 5007 1409 5064 Christum
1426 5007 1453 5062 in
1466 5019 1548 5061 corno
1570 5017 1617 5058 vc·

101 5097 163 5152 iium
175 5098 220 5153 Dei
231 5099 348 5154 incarne
359 5099 473 5154 uertisse.
487 5099 561 5155 Dicat
574 5101 776 5168 nnnchrianus,
832 5107 913 5169 nisse,
929 5105 989 5175 quia
1003 5103 1123 5158 Christus
1136 5101 1245 5172 aeqnaiis
1259 5107 1301 5156 est
1315 5098 1396 5154 Patri.

102 5189 257 5245 ccufrteatnr
270 5190 403 5247 Christum
426 5191 453 5246 in
473 5207 552 5247 carne
565 5194 678 5250 vcnisse.
690 5195 718 5251 Si
733 5195 777 5250 Fi·
867 5197 893 5249 7.
913 5195 1082 5250 sciettiamr.
1095 5192 1274 5248 Sabellianum
1293 5188 1366 5245 audi.
1387 5187 1445 5260 ipse
1463 5195 1505 5244 est
1522 5184 1616 5251 Fiiins,

102 5277 126 5335 ei
139 5280 278 5335 conhntur
297 5281 324 5336 in
342 5296 422 5337 carno
436 5283 548 5347 uenisse,
569 5282 701 5339 Christum
714 5301 778 5341 cun·
831 5286 875 5355 qni
889 5291 930 5339 cst
941 5291 969 5339 ει
980 5282 1069 5339 Peter.
1083 5281 1139 5337 iioc
1147 5280 1220 5345 dicit,
1235 5279 1297 5334 hinc
1312 5277 1412 5349 pungit,
1429 5275 1492 5332 hinc
1511 5289 1616 5331 venena

102 5384 205 5426 ucarrm
218 5372 331 5428 venisse.
344 5371 371 5428 Si
384 5372 479 5427 Filium
493 5373 537 5427 fici
548 5373 777 5444 ncgntChristnm,
831 5375 962 5431 diffundit.
985 5372 1042 5444 ipso
1060 5382 1112 5440 est,
1135 5372 1228 5443 iuquit,
1243 5370 1331 5426 Pater.
1355 5367 1465 5436 Quando
1487 5367 1554 5433 vuli,
1569 5364 1616 5421 Ri-

102 5460 233 5519 Christum
259 5481 267 5519 z
290 5463 370 5519 alium
394 5480 442 5536 pro
462 5465 514 5520 aiio
527 5465 598 5532 dicit,
619 5483 671 5523 non
691 5469 777 5538 ipsum
833 5467 883 5521 iius
896 5475 958 5522 est:
974 5465 1080 5537 quando
1094 5463 1158 5528 vuit,
1180 5462 1257 5518 Pater
1268 5470 1319 5517 est
1333 5460 1392 5516 Non
1405 5468 1448 5516 est
1470 5453 1527 5530 ipse
1536 5453 1615 5513 Chri·

102 5552 146 5609 uid
161 5560 203 5609 εει
220 5554 291 5610 enim
305 5554 388 5611 Filius
403 5555 475 5611 Dei?
496 5557 634 5626 Quomodo
644 5559 779 5630 quaerebc-
834 5568 900 5614 stus.
916 5558 951 5614 Et
969 5567 998 5614 tu
1014 5571 1100 5619 erras.
1120 5556 1142 5614 si
1163 5554 1233 5611 hunc
1247 5555 1380 5611 (hristum
1393 5553 1459 5610 dicis
1483 5552 1510 5607 in
1532 5566 1615 5610 cerea
1626 5580 1639 5624 ς,

102 5643 146 5703 uid
166 5655 207 5705 est
223 5646 344 5706 Christus
366 5663 375 5717 ;
396 5656 423 5708 et
443 5648 623 5724 audiebamus,
646 5650 716 5723 quod
742 5648 777 5715 tit
834 5652 937 5713 scobes
950 5651 1097 5730 scuiuiste
1108 5649 1228 5711 cbrism
1246 5656 1371 5722 rioucst,
1385 5660 1466 5721 ueras
1480 5641 1640 5744 Christumx
