3728 6276
124 230 178 288 Μ

125 351 240 408 mistis
253 347 375 421 padum
386 361 428 413 es,
439 346 500 417 quia
513 361 561 418 per
571 344 597 401 id
609 342 683 417 quod
691 351 812 399 sanctum
826 348 916 413 putas,

125 441 306 514 laisumjuras.
315 439 779 512 Sedegoillud¹sauctumnonputn
790 437 916 494 Sanctum

125 544 200 605 putat
217 533 260 590 cui
272 532 357 604 juras.
376 531 433 587 Non
454 530 526 587 enim
547 529 653 602 quando
661 530 747 601 juras,
762 528 809 585 tibi
821 528 915 600 juras,

126 634 170 683 aut
193 625 274 696 lapido
295 625 387 696 juras3
408 623 455 681 scd
470 624 592 696 proximo
608 623 693 695 iuras.
715 622 822 678 llomini
841 621 919 692 iuras

112 723 187 776 'anm
206 718 321 790 lapidem
335 736 343 774 ε
358 718 410 774 sed
419 718 545 790 numquid
559 733 612 774 non
624 727 687 774 ante
699 717 806 774 Deum?
819 716 876 772 Non
891 726 916 774 tc

111 789 200 867 ἓιιιιιιι
223 810 290 881 lapis
311 810 464 882 loquentem
484 828 491 864 :
510 809 557 866 scd
581 809 657 881 punit
680 819 706 864 te
727 809 797 866 neus
820 808 914 865 latien-

127 913 192 959 iem.

162 995 206 1052 ii.
227 993 339 1050 iurandi
351 994 505 1050 consuetudo
522 994 648 1067 quomodo
667 994 823 1049 convellitur.
846 993 916 1050 Ante

126 1085 214 1142 omnia
228 1099 303 1158 ergo,
316 1083 414 1142 iratres
432 1086 495 1152 mci,
516 1085 628 1141 obsecro
640 1099 698 1145 ros.
713 1098 747 1139 ne
758 1084 817 1141 sine
835 1098 915 1139 causa

125 1197 169 1236 mc
182 1181 252 1236 beus
265 1179 322 1235 hacc
335 1179 405 1250 loqui
416 1178 584 1252 compulerit.
600 1177 664 1234 bico
675 1179 816 1234 enimnnte
828 1178 915 1247 ipsum

126 1271 198 1342 qnod
212 1271 278 1339 disi,
293 1286 365 1342 saepe
374 1286 417 1326 me
432 1271 509 1326 istam
524 1271 697 1342 questionem
710 1269 842 1326 devitasse
857 1287 864 1322 ε
881 1269 915 1324 ti·

125 1363 181 1419 mni
195 1378 229 1418 ne
247 1360 382 1419 monendo
394 1369 422 1418 et
440 1360 618 1434 praecipiendo
638 1360 697 1431 plus
719 1375 780 1416 reos
800 1361 916 1416 lacerem

125 1471 179 1510 non
190 1453 326 1510 audituros
341 1470 348 1510 :
362 1452 441 1510 bodie
453 1461 541 1509 autem
556 1453 615 1524 plus
625 1452 698 1509 timui
710 1469 745 1508 ne
756 1452 827 1522 loqui
840 1466 917 1508 recu·

125 1559 225 1613 sarem,
247 1543 321 1615 quod
342 1543 413 1616 loqui
433 1543 553 1616 iuberer.
576 1543 658 1612 Quasi
678 1559 742 1598 vero
765 1558 861 1614 parvus
881 1543 917 1598 sit

126 1634 230 1694 iructus
243 1636 348 1694 sudoris
366 1634 446 1707 hujus
459 1637 522 1704 mei,
537 1636 561 1692 si
573 1651 666 1693 omnes
678 1636 722 1707 qui
742 1635 807 1691 mibi
828 1635 916 1692 accla-

125 1737 279 1797 maverunt,
303 1728 420 1785 clement
439 1737 466 1784 et
479 1737 572 1785 contra
592 1743 633 1795 se,
656 1743 690 1784 ne
710 1727 803 1783 laisum
827 1729 918 1798 jurent

126 1807 312 1877 adversumne
324 1837 331 1875 :
343 1819 367 1876 si
382 1821 422 1876 tot
434 1818 556 1876 homines
569 1820 614 1890 qui
627 1834 672 1876 me
686 1818 861 1875 attentissime
870 1834 917 1874 au·

125 1910 244 1978 dinoot,
266 1911 359 1967 attenti
374 1911 427 1981 siut
440 1910 567 1967 aduersus
585 1909 802 1967 cousuetudinem
822 1923 915 1975 suam,

126 2012 155 2062 et
166 2003 326 2061 admoneant
336 2017 366 2060 se
381 2002 471 2073 bodie,
485 2016 545 2058 cum
559 2001 594 2058 ad
605 2001 700 2057 domos
709 2016 771 2056 suas
784 2000 914 2068 venerint,

127 2109 189 2154 eum
204 2093 422 2153 consuetudinem
437 2092 602 2172 suatnlapsu
617 2093 713 2164 lingua
726 2092 915 2164 repetiverint;

126 2187 269 2266 admoneat
281 2187 416 2258 proximus
432 2188 581 2259 proximum
598 2204 605 2241 :
622 2186 677 2243 llos
690 2196 733 2242 est
751 2185 822 2259 quod
837 2187 917 2244 bodie

125 2278 286 2346 audirimus.
302 2279 354 2336 boc
375 2288 418 2336 est
439 2279 513 2351 quod
533 2277 654 2335 obstricti
674 2293 776 2335 sumus.
798 2277 918 2334 Nuntiat

126 2373 218 2442 bodie,
232 2378 305 2430 certe
316 2387 379 2430 cum
389 2386 484 2428 recens
497 2385 588 2428 sermo
598 2379 649 2432 est.
663 2369 795 2442 Expertus
804 2371 915 2441 loquor:

126 2480 181 2523 nou
194 2463 242 2522 dat
251 2462 341 2530 bodie,
354 2463 453 2536 pigrius
466 2462 497 2519 dt
507 2477 577 2520 cras.
592 2461 621 2518 Si
631 2472 659 2518 et
673 2476 732 2518 cras
746 2461 843 2518 sactum
864 2479 916 2519 non

125 2555 218 2624 luerit,
239 2553 328 2610 miuus
346 2553 450 2610 laborat
462 2553 663 2625 qut·custodtt;
685 2552 825 2625 adjuvatur
844 2555 916 2610 enim

125 2645 318 2705 consuetudine
332 2645 552 2717 superiorisdiei.
574 2646 673 2702 Triduo
698 2647 810 2703 moritur
833 2647 917 2717 pestis

125 2734 161 2793 tle
172 2750 224 2808 qua
238 2735 389 2793 laboramus
403 2753 410 2789 :
425 2743 454 2791 et
471 2735 645 2806 gaudebimus
659 2734 693 2791 de
707 2736 793 2792 iructu
807 2747 915 2804 vestro;

124 2827 189 2900 qula
209 2843 305 2903 magno
326 2828 397 2886 bono
415 2827 594 2894 abundabitis,
617 2829 640 2884 si
655 2838 708 2885 tam
732 2845 829 2902 magno
847 2831 917 2887 maio

125 2919 261 2982 mrebtvm
280 2919 407 2979 Couvmd
422 2921 456 2976 ad
470 2920 621 2982 bominum.
635 2930 688 2976 etc.

350 3009 465 3067 sunno
483 3009 612 3067 CLlllle
627 3009 692 3082 ⁶(o).

129 3102 172 3160 ue
194 3102 275 3159 verbis
287 3101 410 3174 Epistoloe
424 3118 432 3157 ι
445 3100 565 3166 loannis,
579 3117 638 3172 cop.
653 3117 676 3170 t,
688 3101 716 3166 8,
731 3101 758 3168 9,
773 3101 801 3159 Si
819 3102 918 3159 ‹suxeri-

161 3209 223 3251 mus
243 3194 306 3267 quia
318 3201 454 3266 peceatum
469 3209 522 3249 nou
535 3193 674 3257 babemus,
688 3208 737 3249 nos
751 3193 823 3264 ipsos
835 3192 915 3250 sedu-
937 3182 942 3189 ’

161 3285 259 3353 dutus,
281 3293 310 3342 et
332 3282 430 3339 ueritas
444 3281 471 3339 in
491 3282 569 3340 nobis
581 3296 635 3338 uon
655 3290 707 3339 est.
722 3283 815 3339 Contra
837 3280 916 3339 Paio-

161 3392 262 3449 panor.

162 3464 276 3525 CAPUT
294 3462 435 3522 nutabit.
446 3463 518 3520 -i.
535 3462 617 3520 Ncnro
627 3462 668 3518 iiic
677 3464 735 3520 vivit
742 3463 796 3519 aine
803 3475 916 3536 peccato.

128 3549 302 3609 butinimus
313 3547 430 3605 loannes
441 3547 577 3619 apostolus
590 3546 730 3604 salubriter
742 3556 770 3604 et
786 3550 918 3606 veraciter

127 3641 259 3709 uribenm
279 3639 349 3696 inter
367 3645 464 3695 cetero
477 3637 515 3694 ait
528 3656 536 3695 :
551 3637 582 3694 Si
600 3637 737 3694 diacritnna
750 3640 810 3710 qnia
828 3656 918 3711 peccu-

127 3745 182 3791 tarta
198 3750 250 3791 non
264 3732 392 3796 mamm,
415 3749 461 3788 nor
483 3733 552 3802 ipsos
571 3732 725 3800 mdvcimna,
745 3741 769 3788 ct
782 3734 873 3790 veritae
890 3734 918 3788 in

125 3825 199 3882 troila
212 3835 316 3882 nonni.
332 3823 363 3882 Si
370 3834 453 3880 ovtern
459 3823 568 3897 confessi
575 3823 697 3894 [neumas
707 3835 810 3897 peccatu
819 3836 915 3892 nostro,

128 3920 210 3987 fidelis
223 3929 260 3974 est
272 3929 297 3973 et
303 3920 398 3989 jactus.
411 3919 454 3988 qvi
468 3917 576 3971 dinrittnt
594 3917 665 3971 nobis
678 3928 790 3984 peccota,
805 3927 827 3972 vt
842 3937 917 3973 ntun-

126 4012 169 4064 det
183 4027 229 4065 nos
249 4008 363 4063 edomui
380 4009 519 4076 iniquitute.
543 4006 591 4063 llis
615 4009 702 4063 verbis
716 4009 806 4064 docuit
825 4010 918 4066 beatus

127 4102 253 4164 loaimes,
273 4100 326 4155 imo
347 4099 404 4167 ipse
418 4098 545 4154 Dominus
557 4099 635 4155 lesus
650 4115 702 4156 non
721 4114 751 4155 se
766 4111 856 4158 tacens
870 4119 918 4173 per

127 4195 270 4259 itrannem,
286 4196 418 4248 neminem
440 4192 465 4247 in
481 4193 529 4247 ista
542 4208 632 4256 cartre,
649 4194 676 4248 in
689 4194 740 4251 isto
752 4197 917 4267 corruptibili

127 4300 256 4356 corpore,
270 4284 296 4338 in
311 4284 358 4339 isto
371 4293 450 4351 terra,
467 4283 492 4339 in
507 4285 559 4339 isto
571 4285 686 4355 maligno
699 4287 807 4354 soeculo,
823 4289 848 4344 in
868 4290 917 4345 ista

127 4378 183 4432 vita
207 4376 395 4431 scotationibus
420 4376 508 4446 plena,
532 4377 663 4432 neminem
680 4378 723 4434 bic
747 4381 836 4437 vivere
859 4382 917 4439 sine

129 4478 247 4538 preconio.
263 4465 388 4523 Absoluta
404 4469 534 4523 sententia
553 4477 601 4531 est,
619 4484 668 4524 nec
681 4471 833 4540 expositore
851 4473 919 4528 indi-

127 4570 171 4631 get
185 4580 194 4620 t
210 4559 240 4616 Si
258 4559 394 4614 dimetientes
412 4560 470 4630 quin
491 4571 617 4629 peceatum
637 4578 686 4616 non
708 4561 836 4619 babemus.
852 4565 918 4633 Quis

128 4660 171 4705 est
183 4651 254 4706 etnim
277 4650 320 4720 qui
342 4665 394 4704 non
416 4649 496 4705 babet
516 4652 672 4721 peccatum?
689 4653 763 4708 Sicut
781 4654 918 4726 Scriptura

128 4743 203 4807 dicit,
224 4739 280 4796 Nec
293 4741 378 4812 insum
392 4741 464 4811 cnjus
477 4752 512 4795 est
525 4743 575 4795 cito
588 4741 638 4796 diei
652 4744 726 4799 tinius
735 4762 811 4813 anper
825 4756 918 4801 terrant

129 4830 190 4892 (iob
203 4847 256 4894 ιιι,
272 4831 299 4891 i,
313 4848 362 4885 scr.
380 4830 471 4895 LXX).
487 4832 558 4886 Talis
573 4833 698 4903 parvulus
712 4843 849 4904 paccatum
863 4853 916 4893 nou

130 4924 202 4985 lucit.
214 4923 261 4978 scd
274 4923 308 4977 de
323 4922 474 4992 quarentibus
485 4924 572 4977 traxit.
590 4923 658 4996 Ergo
671 4926 743 4980 trullo
754 4928 833 4982 modo
843 4928 914 4998 qnis-

129 5030 209 5082 quam
224 5023 311 5084 potest
331 5013 430 5074 tliccrc.
446 5030 498 5068 mm
511 5030 541 5070 se
555 5014 678 5073 babuisse
700 5030 847 5088 peccatum.
864 5021 918 5076 Sed

129 5106 241 5160 accessit
263 5121 311 5176 per
323 5104 401 5160 iidem
423 5103 457 5158 ad
470 5103 602 5160 lavacrum
617 5110 823 5179 regenerationis
837 5110 918 5167 brimo

131 5195 225 5259 tidelis,
237 5206 264 5250 ct
277 5196 364 5250 omnia
373 5195 480 5249 dimissa
494 5206 554 5250 suut
564 5197 589 5250 ei
599 5215 608 5262 ;
618 5198 672 5265 iam
685 5201 735 5257 sub
747 5202 832 5273 gratia
842 5204 915 5268 vivit,

130 5282 157 5340 in
172 5285 224 5340 tide
241 5286 316 5353 vivit,
337 5285 484 5342 membrum
502 5287 601 5343 Christi
617 5288 700 5348 luctrts
719 5302 769 5357 cst,
789 5295 917 5366 tempium

132 5373 181 5432 bei
203 5374 288 5431 iactus
314 5385 354 5431 est
370 5394 376 5429 ι
392 5387 418 5430 et
442 5387 529 5432 tnttten
549 5381 588 5434 sic
604 5382 740 5451 quomodo
768 5385 916 5444 membrum

162 5486 169 5516 ¹
180 5485 216 5535 sie
227 5492 279 5534 uss.
290 5485 350 5536 bditi
358 5498 427 5541 vero.
437 5483 515 5538 illurn.

162 5546 284 5597 'molinus
294 5548 323 5598 ad
332 5560 418 5598 omncs
427 5554 480 5598 stes.
492 5559 518 5600 et
528 5551 583 5601 md.
597 5553 621 5603 in
638 5541 750 5607 §cranone
769 5560 916 5623 praecedenti

129 5607 352 5672 nmoornguans.

161 5667 196 5733 (a)
210 5669 278 5733 Alias,
289 5670 320 5721 de
332 5672 418 5724 tarbis
428 5673 530 5741 apostoli
542 5673 579 5727 bb.

738 225 767 282 S.
786 214 970 282 AUGUSTiNl
989 217 1144 283 scissum·

978 338 1076 397 Christi
1104 352 1133 401 et
1155 347 1283 417 ternplum
1311 346 1359 408 bei
1376 349 1463 409 lactus
1486 361 1537 420 cst,
1561 351 1585 411 si
1606 352 1706 412 dixerit
1726 371 1757 415 re

970 447 1024 490 non
1037 433 1137 495 babere
1148 447 1297 510 peccatum,
1320 442 1437 514 mpetum
1448 444 1561 514 seducit,
1576 446 1717 503 etverbm
1728 447 1755 504 iu

969 542 1003 583 eo
1027 543 1079 583 non
1092 537 1153 596 est;
1180 545 1289 602 prorsus
1301 535 1444 606 mentitur,¹
1450 537 1473 592 si
1486 536 1567 605 dicat,
1581 537 1675 595 iustus
1686 538 1755 596 adin.

1005 618 1122 677 CAPUT·
1143 619 1176 678 li.
1196 611 1234 666 -’-
1250 624 1279 682 2.
1292 622 1489 700 Pelagianorvrn
1507 628 1596 697 error,
1611 630 1700 702 prame
1717 632 1767 688 itlr'

969 709 1024 764 vine
1035 720 1135 779 peccatu
1146 715 1262 784 reperiri.
1274 715 1454 788 Argumentum
1467 717 1676 792 Peio'pinrtorvnr.
1690 720 1755 779 Sunt

969 807 1058 855 autem
1071 802 1178 872 quidam
1197 803 1280 862 inflati
1293 816 1387 880 utres,
1411 809 1505 880 spiritu
1527 810 1654 868 elationis
1674 812 1752 883 pleni.

969 907 1022 949 non
1045 895 1225 968 magnitudine
1239 898 1375 971 ingentes,
1394 901 1442 958 sed
1455 902 1588 974 superbiae
1606 902 1701 960 morbo
1714 912 1754 960 tn·

969 992 1092 1056 mentes,
1106 995 1136 1042 ut
1146 987 1236 1046 dicere
1250 990 1379 1059 audeant,
1394 993 1507 1049 inveniri
1522 993 1646 1051 homines
1658 994 1755 1067 absque

969 1085 1087 1145 peccato.
1102 1076 1200 1135 Dicunt
1212 1095 1276 1153 ergo
1286 1122 1294 1147 ,
1306 1082 1393 1152 jnstos
1406 1098 1515 1154 prorsus
1529 1085 1556 1140 iu
1571 1085 1622 1141 bac
1632 1085 1687 1141 rita
1700 1086 1755 1143 uui·

968 1167 1023 1223 lom
1036 1168 1134 1226 babere
1145 1179 1294 1242 peccamm.
1305 1172 1428 1230 ilmrctici
1441 1183 1529 1231 autem
1541 1176 1752 1249 suntl’elagiaoi,

969 1259 1102 1332 iidemque
1114 1261 1279 1331 Coelcstiani,
1293 1267 1338 1338 qui
1350 1267 1402 1323 boc
1414 1266 1516 1325 dicunt.
1530 1269 1635 1326 Etcum
1647 1284 1755 1342 respur-

968 1367 1029 1409 sum
1043 1354 1095 1411 iliis
1106 1353 1196 1424 luerit,
1211 1355 1283 1424 Quid
1294 1359 1417 1430 estquod
1430 1358 1538 1416 dicitis?
1551 1360 1625 1433 Ergo
1636 1360 1702 1417 vivit
1713 1361 1754 1419 bic

970 1442 1051 1501 homo
1063 1443 1122 1500 sinc
1135 1455 1256 1516 peccato,
1272 1456 1301 1504 et
1311 1462 1366 1504 non
1379 1449 1459 1506 babet
1471 1451 1581 1507 omuino
1595 1451 1679 1508 ullum
1693 1466 1752 1524 pec-

969 1544 1077 1602 catum,
1093 1551 1143 1593 nec
1154 1535 1242 1605 laeto,
1260 1554 1310 1596 nec
1323 1540 1424 1608 verbo,
1444 1556 1495 1598 nec
1505 1541 1686 1614 cogitatiouei
1702 1543 1753 1601 lie·

968 1627 1100 1698 spondent
1110 1629 1438 1701 deillosuperbiaeveuto,
1448 1633 1652 1704 quopieoisuut
1662 1649 1755 1707 :qm

967 1727 1077 1775 ventum
1091 1719 1190 1776 utinam
1210 1719 1336 1792 linirent,
1360 1721 1556 1781 rebareutmet
1571 1732 1710 1794 tamt,
1728 1725 1755 1783 itl

968 1822 1020 1880 est,
1036 1813 1149 1886 humiles
1162 1815 1265 1884 iterent,
1282 1831 1336 1872 uon
1349 1816 1412 1873 elati
1428 1835 1435 1871 :
1450 1816 1624 1890 respondent,
1636 1816 1763 1892 iuquam,

969 1902 1083 1959 Prorsus
1096 1903 1141 1960 isti
1161 1903 1283 1961 homines
1296 1907 1399 1976 sancti,
1420 1906 1513 1965 fideles
1526 1909 1595 1979 liei,
1615 1924 1667 1967 uec
1678 1909 1754 1978 buo,

968 2011 1019 2053 nce
1030 1998 1122 2064 verbo,
1136 2013 1187 2055 nce
1198 1998 1357 2070 cogitatione
1370 2008 1481 2072 pomum
1489 2000 1572 2059 ullum
1583 2001 1684 2061 babere
1694 2018 1751 2076 pcc·

968 2097 1067 2144 catum.
1091 2088 1198 2145 Etcum
1211 2090 1377 2159 eisdicitur,
1401 2092 1451 2161 Qui
1466 2103 1529 2149 sunt
1550 2094 1596 2151 isti
1612 2095 1688 2167 iusti.
1710 2096 1753 2168 qui

968 2184 1027 2239 sine
1038 2193 1149 2254 peccato
1164 2185 1249 2240 suut?
1259 2185 1422 2256 respondent
1434 2196 1461 2243 et
1473 2187 1574 2255 dicunt,
1587 2189 1656 2245 Tota
1667 2188 1751 2246 lieris·

968 2276 1018 2331 sia.
1031 2275 1122 2332 Mirari
1131 2277 1288 2348 potuissem,
1303 2279 1326 2334 si
1336 2279 1482 2336 invenirem
1496 2296 1590 2351 unum,
1603 2281 1681 2353 dous,
1691 2291 1748 2351 tres,

968 2365 1078 2434 decem,
1097 2376 1162 2436 quot
1181 2368 1317 2439 quaerebat
1333 2369 1477 2426 Abrabam.
1498 2371 1636 2428 Abrabam
1654 2373 1750 2431 enima

968 2459 1158 2531 quinquaginta
1181 2475 1266 2531 usque
1279 2461 1316 2517 ad
1325 2461 1418 2518 decem
1437 2461 1576 2520 descendit
1592 2463 1668 2538 (Cen.
1681 2480 1747 2534 xvtu,

968 2549 1063 2622 2432)
1079 2565 1086 2606 t
1102 2561 1144 2619 tu,
1160 2553 1295 2623 lraeretice,
1308 2554 1469 2624 respondes,
1483 2563 1510 2611 et
1519 2554 1586 2612 dicis
1600 2557 1666 2614 milri
1675 2566 1749 2614 tenu

969 2643 1127 2699 Ecclesiam.
1142 2643 1218 2701 Unde
1236 2644 1288 2702 boc
1301 2647 1420 2718 probast
1432 2647 1531 2714 Probo,
1546 2649 1645 2721 inquis.
1659 2649 1745 2714 Proba,

969 2751 1034 2807 rogo
1046 2744 1082 2792 te.
1097 2736 1218 2808 blagnum
1230 2736 1301 2793 cuim
1313 2737 1379 2793 mihi
1388 2738 1512 2809 gandium
1523 2738 1615 2806 affers,
1625 2740 1648 2796 si
1660 2739 1746 2797 docere

969 2825 1098 2896 potueris,
1112 2835 1194 2882 totam
1207 2842 1317 2898 prorsus
1329 2827 1473 2884 Ecclesiam
1487 2830 1514 2884 in
1528 2830 1640 2902 singuiis
1650 2831 1746 2903 quibvs·

968 2931 1020 2986 que
1033 2915 1154 2973 fidelibus
1171 2918 1226 2973 suis
1244 2919 1345 2974 nullum
1368 2918 1466 2976 babere
1484 2932 1634 2992 peccatum.
1657 2921 1745 2987 Probus

968 3006 1066 3077 inquis.
1080 3006 1128 3062 bie
1140 3007 1232 3064 undel
1254 3008 1397 3080 Apostolus
1410 3009 1536 3081 loquitur.
1558 3010 1627 3081 Quid
1643 3012 1745 3084 loquitor

968 3098 1134 3169 Apostolusl
1147 3098 1271 3167 Cirrittvr,
1286 3103 1379 3173 inquit,
1397 3101 1485 3158 dileoit
1498 3102 1649 3160 Ecclesium.
1659 3102 1745 3172 soon,

969 3200 997 3247 et
1009 3191 1131 3262 Apostoli
1149 3192 1230 3249 verba
1251 3208 1311 3249 csse
1329 3208 1470 3264 cognosco.
1494 3194 1625 3252 bundoni
1645 3213 1698 3252 mvn
1712 3195 1744 3250 lr-

967 3299 1042 3339 oocro
1055 3301 1129 3355 oquae
1140 3287 1168 3340 iu
1179 3287 1268 3352 vobo.
1282 3295 1310 3341 nt
1323 3287 1446 3342 cohibent
1460 3287 1508 3343 vibi
1517 3288 1656 3359 gloriosam
1668 3287 1743 3344 metc-

968 3377 1049 3443 ciom,
1070 3393 1121 3431 non
1144 3375 1275 3433 lubentem
1286 3378 1412 3432 mocninm
1422 3389 1466 3433 out
1479 3396 1590 3451 wem,
1606 3389 1651 3434 out
1662 3377 1746 3450 aliquid

968 3468 1115 3538 liujunuodi
1137 3468 1251 3541 (prcc.
1264 3486 1297 3538 v,
1319 3470 1432 3543 nont).
1457 3471 1615 3529 Audivimus
1636 3472 1671 3529 de
1686 3471 1751 3543 num·

969 3575 1064 3631 magna
1085 3560 1210 3617 tonitrua.
1230 3562 1319 3618 Nubes
1339 3564 1409 3627 enim
1424 3561 1470 3618 Dei
1489 3562 1645 3634 Apostolus.
1670 3561 1743 3619 tota

970 3650 1019 3704 ista
1033 3661 1189 3719 sonuerunt,
1203 3660 1231 3707 et
1242 3662 1357 3710 tremere
1367 3668 1415 3708 nos
1431 3652 1559 3710 iecerunt

1004 3740 1117 3798 CAPUT
1130 3740 1173 3796 lll.
1190 3773 1224 3782 -
1235 3743 1261 3797 5.
1277 3743 1430 3811 Rcivtontvr
1444 3744 1476 3798 ob
1488 3744 1602 3815 ipsoram
1614 3745 1646 3799 de
1658 3761 1684 3802 ac
1693 3742 1745 3814 ipsit

970 3832 1134 3904 professione.
1157 3831 1277 3888 Hernici
1288 3844 1359 3889 estro
1371 3833 1510 3889 Ecclesium
1522 3844 1592 3890 cnut.
1612 3834 1666 3892 Sed
1678 3834 1743 3892 dicite

968 3926 1056 3992 nobis,
1069 3934 1210 3996 anmquom
1221 3941 1373 3997 qumramus
1382 3927 1516 3997 quomodo
1529 3929 1580 3985 ista
1593 3931 1674 3987 verba
1686 3928 1743 4000 Apo

969 4016 1053 4072 stolus
1066 4016 1178 4083 diterit3
1190 4017 1280 4081 dicite,
1295 4018 1414 4088 inquam,
1429 4018 1515 4086 uobis,
1530 4028 1620 4076 utrum
1635 4037 1682 4078 vos
1691 4017 1743 4092 iusti

969 4112 1045 4175 estis,
1060 4124 1093 4164 nn
1114 4125 1176 4165 non.
1202 4110 1382 4182 Respondent,
1396 4110 1464 4167 lusti
1486 4127 1589 4167 sumus.
1613 4111 1743 4184 urgeam

969 4202 1072 4258 lrabetis
1085 4201 1243 4272 peccatum?
1265 4203 1315 4258 l‘cr
1326 4217 1419 4258 omnes
1433 4202 1504 4267 dies,
1527 4217 1576 4273 per
1594 4218 1690 4261 omnes
1707 4216 1737 4258 vo

969 4305 1026 4351 ctes
1039 4295 1103 4350 nihil
1118 4295 1180 4349 mali
1200 4293 1300 4358 tacitis,
1322 4294 1388 4349 nibil
1408 4295 1470 4349 mali
1484 4295 1589 4361 dicitis,
1616 4295 1681 4352 nibil
1694 4288 1742 4351 matt

969 4388 1110 4458 cogitatis?
1121 4387 1179 4443 Non
1192 4387 1289 4443 nudent
1301 4386 1400 4454 dicere,
1413 4387 1495 4443 Nihil.
1509 4386 1562 4444 Sed
1571 4388 1638 4462 quid
1647 4401 1739 4462 respotr

969 4480 1054 4536 dont?
1072 4480 1126 4536 Nos
1138 4480 1244 4550 quidem
1260 4488 1411 4550 peccatores
1424 4495 1534 4545 sumns;
1552 4481 1600 4537 sed
1612 4481 1648 4538 de
1660 4478 1743 4539 sancti

969 4572 1120 4642 loquimur,
1142 4588 1193 4628 non
1212 4571 1246 4627 de
1265 4571 1351 4626 uobis.
1375 4563 1432 4626 li'oc
1448 4586 1496 4625 vns
1512 4571 1650 4644 interrogo
1664 4567 1739 4627 :curt

971 4666 1048 4722 stiaui
1063 4666 1146 4721 estis?
1168 4665 1226 4720 Non
1240 4665 1313 4728 dico,
1328 4665 1394 4719 lusti
1410 4664 1493 4719 estis?
1518 4663 1664 4720 Christiani
1677 4658 1745 4720 estisl

970 4757 1027 4811 Non
1049 4756 1148 4812 audent
1170 4772 1268 4827 negare
1283 4775 1289 4809 :
1306 4755 1466 4822 Christiani,
1491 4755 1635 4824 inquiunt,
1657 4766 1744 4812 summ

970 4846 1076 4904 Fideles
1097 4863 1161 4919 crgo
1184 4847 1270 4903 cstis'l
1294 4848 1422 4918 baptizoti
1443 4847 1530 4902 estis?
1552 4849 1698 4920 baptizati,
1716 4847 1746 4902 in·

970 4938 1080 5006 quiunt,
1103 4952 1205 4992 sumus.
1228 4937 1340 4992 bimissa
1361 4945 1424 4992 sunt
1436 4936 1512 4992 vobis
1525 4946 1623 4993 cuncta
1637 4933 1747 5010 peccatss

970 5029 1083 5086 Dimissa
1096 5071 1103 5095 ,
1118 5031 1247 5099 inquiunt.
1271 5029 1409 5098 morundo
1423 5045 1486 5099 ergo
1504 5030 1572 5085 estis
1584 5027 1748 5102 peccatores!
1765 5090 1771 5103 κ

970 5118 1073 5175 Solicit
1085 5119 1149 5173 mibi
1162 5118 1232 5174 utrde
1246 5134 1293 5173 vrrs
1306 5119 1444 5188 repellam.
1460 5118 1516 5174 Vos
1531 5119 1672 5176 christiani
1684 5118 1746 5180 aba
1765 5110 1772 5195 ἲ

970 5213 1094 5284 baptizati
1112 5213 1192 5278 estis,
1207 5211 1298 5266 fideles
1312 5211 1391 5276 estis,
1407 5210 1528 5265 membra
1540 5210 1670 5266 Eccita-im
1684 5209 1749 5270 estis.

969 5316 996 5360 ct
1018 5305 1119 5360 bibetis
1133 5304 1249 5360 maculas
1268 5313 1296 5359 et
1310 5303 1410 5374 rugas‘.l
1428 5302 1567 5370 Quomodo
1580 5318 1647 5374 crgo
1657 5301 1750 5357 estilo-

970 5399 1050 5454 clcsia
1065 5398 1115 5452 isto
1130 5407 1249 5465 tempore
1260 5396 1318 5451 sine
1332 5395 1436 5449 maenia
1449 5402 1476 5449 et
1488 5409 1574 5464 ruga,
1588 5411 1650 5450 crim
1664 5408 1710 5449 vos
1722 5390 1752 5446 κ’·

970 5490 1004 5545 tis
1016 5504 1080 5560 ruga
1093 5489 1151 5558 ejus
1164 5497 1191 5542 ct
1206 5487 1307 5541 macula
1318 5486 1329 5539 i
1341 5487 1395 5540 Ant
1406 5485 1428 5539 si
1441 5499 1493 5540 non
1508 5484 1590 5539 vultis
1599 5500 1661 5541 esse
1670 5483 1753 5541 Eule-

969 5583 1057 5650 siam,
1082 5583 1132 5637 nisi
1143 5597 1204 5637 eam
1215 5596 1274 5650 qum
1288 5580 1347 5635 sine
1366 5579 1469 5635 macula
1483 5587 1513 5635 et
1529 5593 1598 5651 ruga
1617 5587 1678 5646 cst,
1699 5591 1756 5635 tu

969 5673 1042 5748 rugis
1056 5674 1150 5736 restris
1163 5682 1187 5731 et
1197 5674 1305 5730 maculis
1316 5672 1451 5759 procidite
1464 5688 1510 5732 vos
1522 5687 1537 5730 a
1551 5673 1682 5732 membris
1691 5672 1752 5746 citus
1770 5684 1773 5689 ’
