3728 6276
60 238 86 293 tv
796 226 989 286 swam
1661 232 1701 294 sn

57 356 132 416 vinum
146 366 180 409 ac
193 366 261 409 cam
274 366 333 409 rem
341 351 423 409 etiam
438 346 593 406 confirmati
615 344 788 418 inscriptione
802 344 880 402 unius
899 342 1089 400 eColbertiuis
1115 345 1301 417 manuscriptis
1315 341 1360 401 ubi
1386 344 1483 401 dieitur
1495 355 1653 403 comestam
1675 365 1696 400 s

55 456 132 500 arms
151 443 316 515 Hieronymo
336 444 364 498 itt
386 458 463 499 nom.
812 495 820 511 ‚

83 540 183 595 taum
199 537 286 593 nobis
296 534 474 592 occurritorl
489 530 647 591 maternum
665 530 694 587 in
715 530 757 587 bia
773 529 911 588 codicibus
927 539 1064 587 exaratum
1084 530 1155 587 idem
1176 537 1257 601 atque
1274 529 1396 602 totunm
1414 545 1581 604 nequaquem
1601 530 1695 595 baberi

54 647 144 705 pose,
157 627 382 701 qundoquidem
395 628 506 685 intense
516 627 658 700 plusquam
671 635 779 682 centum
791 627 858 685 locis
868 625 1008 693 differunt,
1022 641 1055 683 ac
1067 640 1159 682 eorum
1169 642 1220 683 non
1232 641 1320 697 muse
1336 635 1501 682 summantur
1519 626 1699 699 dismepontioe

56 740 110 796 pte
118 725 157 779 set
167 738 297 796 mqnuss
316 722 409 777 isdem
418 728 589 787 mecummet,
601 719 640 775 uel
650 718 816 791 scriptoribus
828 721 906 776 tribui
923 737 977 776 aon
990 731 1105 792 possunt.
1119 719 1195 776 lianc
1206 728 1306 776 tinum
1318 720 1475 777 virtuosum
1496 721 1695 779 multitudinem

58 818 157 872 minine
167 814 341 883 diitltemur;
355 812 404 870 scd
417 813 547 869 minorem
565 827 627 869 csse
640 812 794 882 nequivisse
808 813 1003 869 contendimus.
1017 811 1143 883 Quisquis
1157 812 1183 867 in
1196 812 1349 869 evolvendis
1363 812 1551 881 manuscriptis
1569 813 1612 871 rel
1632 829 1694 871 mc·

57 908 166 964 dicerem
179 907 307 964 laborem
321 905 498 978 impenderit,
510 906 534 963 is
544 904 668 976 koorare
679 920 848 978 nequaquem
867 907 967 977 poterit
983 920 1043 962 rava
1064 905 1178 962 inveniri
1193 905 1372 976 exemplaria,
1385 905 1411 961 in
1425 905 1522 978 quibus
1535 907 1692 979 popinarum

58 1014 180 1056 muretus
191 999 357 1056 varietatum
370 999 427 1054 sive
441 996 571 1053 bonarum
586 997 643 1053 sire
655 997 785 1053 malarum
795 996 964 1054 multitudine
972 1011 1026 1053 non
1036 996 1173 1063 vincutum
1185 1006 1213 1053 et
1224 997 1252 1055 in
1265 996 1418 1067 hujusmodi
1432 997 1539 1068 scriptis
1552 998 1695 1059 ordinibus

56 1104 99 1144 usn
111 1102 196 1145 neus
207 1104 242 1145 ac
255 1087 418 1159 quandoque
428 1088 457 1143 in
469 1086 567 1156 editis,
577 1088 668 1159 qravia
681 1085 803 1158 quodam
813 1101 973 1153 occurrere,
984 1102 1038 1143 non
1055 1086 1135 1143 modo
1150 1103 1208 1158 que
1221 1105 1238 1142 o
1251 1088 1379 1155 librariis,
1393 1097 1423 1143 ut
1433 1087 1590 1162 Hieronymi
1602 1090 1694 1149 verbis

56 1190 160 1247 sursus,
172 1180 376 1235 mundius
392 1186 437 1235 uttt
455 1179 544 1235 sddits
561 1187 621 1235 ssnt
637 1189 681 1234 sttt
697 1187 814 1245 mutatas
831 1176 880 1236 sed
897 1178 977 1235 etiam
995 1195 1013 1235 o
1031 1179 1255 1249 praesumptoribus
1266 1180 1390 1252 imperitis
1402 1181 1533 1236 eamndstn
1546 1181 1692 1251 peruersius

57 1269 143 1343 (Epist.
160 1272 230 1339 lib,
247 1272 284 1327 sd
297 1270 462 1344 liumusuttr).
475 1270 561 1327 Lucas
574 1269 718 1342 &ogensis
726 1270 771 1340 qui
783 1269 840 1326 sola
852 1269 961 1341 collegit
978 1270 1101 1326 llomotsm
1115 1273 1277 1327 correctionis
1293 1271 1320 1327 in
1337 1270 1428 1326 bitte
1445 1271 1562 1329 editionis
1582 1273 1693 1344 estpars

55 1366 120 1434 jesse
131 1363 207 1419 Sitris
226 1363 247 1418 l'
260 1364 397 1437 exequiis
408 1365 465 1419 loco
482 1362 632 1435 insipidos,
655 1361 752 1421 borona
763 1361 904 1434 piusquam
917 1362 1033 1421 ducenta
1046 1364 1072 1420 in
1087 1364 1145 1420 solo
1165 1364 1295 1421 Psalterio
1307 1366 1454 1421 annotavit
1469 1364 1535 1434 Quis
1548 1381 1613 1432 vcro
1625 1366 1689 1426 inde

58 1456 153 1527 nlliqat
163 1464 217 1512 aut
227 1456 366 1512 codicibus
378 1455 414 1513 ad
424 1470 493 1527 qnos
504 1455 571 1511 iacta
584 1464 627 1513 est
641 1470 673 1513 ea
685 1456 833 1525 correctio,
852 1454 995 1526 volpium
1009 1458 1120 1515 minime
1139 1458 1287 1527 contineri,
1309 1467 1355 1514 uut
1376 1458 1514 1531 Vulgatam
1532 1456 1618 1531 ipsam
1630 1474 1692 1530 qum

58 1548 146 1604 mnis
157 1550 187 1604 in
200 1548 299 1605 binum
312 1549 393 1606 bodie
403 1547 601 1614 circumfertur,
614 1556 643 1605 ct
655 1548 683 1605 in
695 1562 748 1620 qua
767 1556 807 1605 tot
816 1548 991 1605 observantur
1001 1548 1188 1616 diversitates,
1210 1566 1264 1605 nou
1284 1550 1406 1608 osiridem
1421 1565 1482 1622 qum
1502 1559 1560 1607 erat
1579 1548 1692 1613 Consilii

60 1641 196 1698 tridentini
212 1652 336 1714 teorpore
347 1641 563 1699 existimandam.
577 1642 697 1713 benique
711 1640 810 1698 laudoti
822 1657 838 1697 a
849 1641 927 1698 nobis
940 1642 1111 1713 inantuscripti
1125 1658 1186 1699 cum
1203 1656 1265 1698 curu
1285 1641 1398 1713 liolgnto
1416 1644 1622 1703 consensionem
1637 1659 1694 1714 prm

61 1750 84 1790 ae
92 1736 190 1803 luunt,
203 1750 259 1807 qna
272 1735 404 1807 malorem
416 1747 463 1791 ant
473 1734 683 1807 frequentiorem
695 1749 750 1791 non
764 1733 843 1792 ircile
855 1734 883 1791 in
896 1734 957 1791 aliis
967 1736 1075 1807 equalis
1086 1735 1173 1791 tctntis
1184 1735 1385 1806 exemplaribus
1394 1735 1515 1805 reperire
1524 1738 1570 1791 sit

87 1828 167 1885 ilobis
177 1839 275 1900 postea
288 1829 432 1901 opponitur
445 1829 590 1886 auotoritas
602 1828 751 1886 Tridentini
771 1827 900 1896 Cortcilii,
920 1827 992 1899 quod
1010 1829 1038 1883 in
1051 1827 1176 1885 Sessionc
1193 1844 1218 1882 tv
1231 1828 1319 1883 muttit
1333 1837 1360 1881 ot
1377 1826 1435 1899 ipro
1452 1837 1521 1883 oetrts
1535 1837 1559 1883 et
1574 1826 1690 1901 Vulqoto

61 1921 135 1986 ediis,
145 1936 207 1992 μ
217 1922 297 1994 leupo
308 1922 506 1979 tutoeeslontar
516 1938 566 1978 sss
576 1923 604 1977 itt
616 1923 675 1994 ipsa
686 1921 801 1978 demeto
812 1921 917 1994 proboso
928 1931 1013 1979 est...
1028 1938 1075 1988 pro
1088 1923 1233 1978 outiemim
1244 1922 1366 1978 dalmtun
1379 1939 1389 1978 .·
1400 1938 1454 1995 quo
1468 1923 1536 1989 loco,
1549 1930 1578 1978 ut
1591 1936 1692 1992 suppo·

63 2016 131 2079 nitur,
144 2012 274 2086 Synodus
286 2013 406 2086 tolgane
419 2015 529 2070 nomine
538 2013 632 2070 ltalum
644 2013 781 2087 intelligit,
794 2029 856 2071 curo
868 2028 918 2069 nos
927 2023 1019 2070 contra
1030 2012 1169 2084 lulqatum
1178 2027 1305 2070 vocemus
1314 2012 1346 2069 lt.
1358 2012 1513 2086 Hieronymi
1524 2011 1691 2067 versionem:

10 2128 12 2139 ·
63 2123 87 2162 ac
96 2108 204 2179 proinde
218 2116 311 2165 nostra
323 2108 457 2165 sententia
470 2107 627 2165 Tridentino
640 2106 760 2165 Concilio
779 2108 867 2164 minus
877 2108 949 2165 bene
962 2106 1100 2164 cobcercro
1113 2105 1228 2162 videtur.
1248 2104 1290 2163 bd
1307 2105 1488 2176 suspicionem
1510 2103 1579 2159 bono
1599 2103 1697 2173 procul.

64 2196 225 2255 midam
235 2199 304 2255 satis
313 2197 423 2270 quidem
436 2208 508 2255 esset
521 2197 684 2270 respondero
692 2213 747 2255 non
759 2198 910 2256 versionem
920 2197 1043 2255 Psalterii
1053 2211 1150 2255 novam
1159 2212 1240 2267 quam
1249 2211 1282 2252 ex
1293 2195 1403 2253 bebrno
1410 2194 1495 2253 edidit
1503 2194 1690 2265 lliemnpmus,

67 2305 78 2342 ι
88 2290 159 2345 nobis
168 2290 292 2362 lulpatn
304 2291 415 2348 nomirm
423 2290 599 2362 dosiqnotam,
610 2290 659 2347 ted
670 2306 731 2348 eam
743 2291 829 2348 solam
839 2305 921 2364 quam
932 2290 966 2347 ad
977 2304 1080 2361 procos
1093 2290 1201 2346 codices
1213 2289 1384 2358 emendarit,
1398 2304 1458 2360 quus
1471 2297 1550 2344 antea
1563 2287 1589 2343 in
1603 2285 1690 2351 ltallo,

67 2382 145 2436 olen
161 2382 190 2437 in
201 2379 288 2448 llrbe,
301 2390 332 2438 ut
343 2397 378 2439 ex
392 2381 518 2454 ipsiusad
528 2381 638 2438 Paulam
651 2393 679 2439 et
690 2382 865 2440 Eustochium
878 2382 990 2453 epistola
1002 2381 1138 2448 discimus,
1162 2383 1189 2438 in
1203 2396 1253 2439 usu
1268 2391 1337 2439 erat.
1351 2381 1449 2438 Verum
1459 2379 1566 2436 aliunde
1579 2376 1693 2434 mottiieq

71 2482 127 2529 stunt
140 2481 208 2530 esta
226 2474 347 2531 Concilio
358 2474 426 2531 nibil
438 2474 509 2530 aliod
523 2489 570 2546 per
582 2474 721 2546 volgatam
741 2475 854 2548 intelligi
877 2474 1037 2540 versionem,
1058 2475 1108 2529 nisi
1127 2490 1186 2530 eam
1209 2489 1269 2546 quse
1289 2474 1341 2546 leqi
1361 2471 1502 2530 consueuit
1523 2472 1549 2526 in
1570 2468 1693 2527 Ecclesia

70 2566 180 2622 tstbolica
193 2585 200 2621 :
212 2567 293 2637 enjus
304 2567 410 2624 tametsi
423 2567 553 2638 plurimas
572 2576 664 2638 partes
676 2566 856 2639 llieronymus
867 2565 1032 2623 transtulerit
1044 2582 1078 2623 ex
1090 2566 1198 2623 hebreo
1214 2565 1453 2638 (quemadmodum
1467 2563 1524 2621 sols
1540 2560 1692 2618 testittmnio

10 2662 13 2691 ⁵
70 2673 97 2714 et
108 2658 153 2714 bac
166 2659 224 2729 ipsa
237 2660 272 2715 ab
281 2660 441 2731 Artqostino,
461 2658 530 2716 libro
541 2660 603 2716 lde
617 2658 741 2715 metrico
755 2657 916 2724 Cbristiona,
931 2673 991 2728 cap.
1006 2659 1032 2723 'l,
1047 2659 1110 2715 item
1123 2659 1191 2715 libro
1205 2659 1223 2716 5
1236 2666 1264 2714 et
1276 2657 1294 2713 il
1306 2657 1420 2725 Quom..
1434 2665 1462 2712 ct
1482 2655 1551 2711 libro
1565 2655 1581 2708 'l
1596 2652 1693 2709 Locus.

10 2814 12 2821 Ι
71 2749 93 2803 iu
103 2748 308 2820 Heptateuchum
318 2751 401 2821 petita
415 2751 522 2807 abunde
533 2748 668 2823 probant),
683 2765 716 2807 es
728 2759 817 2807 tumen
830 2749 941 2808 concilii
955 2759 1092 2820 tetrrpore,
1112 2765 1167 2821 quo
1177 2750 1232 2821 jum
1248 2751 1386 2820 plusquam
1400 2748 1472 2805 mille
1484 2755 1513 2803 et
1526 2754 1635 2801 contum
1646 2757 1695 2799 an·

10 2836 12 2841 ’
71 2848 283 2912 sosaomerabat,
298 2847 471 2919 optimanre
481 2848 589 2919 antiqua
598 2847 651 2903 tlici
663 2855 782 2918 poteram
795 2846 906 2917 perinde
924 2855 1004 2916 atquo
1018 2844 1110 2901 isidori
1123 2844 1289 2914 llispnlensis
1301 2851 1380 2899 aetate
1392 2842 1448 2913 jam
1465 2840 1583 2913 lulqottc
1596 2850 1697 2893 nenton

10 2940 12 2997 ἐ
71 2939 235 3012 entsdeptu,
252 2957 316 2998 com
331 2957 364 2998 eu
377 2943 487 2997 editiom
501 2958 588 2998 onmes
610 2941 735 2997 mietio
751 2956 929 3014 usquequaque
947 2941 1090 2996 unientur.
1105 2939 1238 2997 Ceterum
1256 2954 1308 2995 non
1323 2940 1382 2997 sinc
1395 2939 1468 3010 prati
1486 2935 1695 2995 hallucinatione

72 3027 176 3085 meret
186 3032 319 3103 quispiam
330 3032 400 3088 idem
412 3033 439 3088 in
449 3032 604 3089 Tridentina
616 3032 725 3106 synodo
740 3042 767 3089 et
780 3032 851 3102 apud
865 3041 969 3089 veteres
980 3048 1027 3103 per
1036 3031 1153 3102 Vulgattc
1161 3033 1257 3088 iucem
1268 3031 1425 3102 siqnilicari.
1436 3031 1464 3085 ln
1477 3030 1587 3104 Synodo
1597 3045 1629 3085 oa
1642 3044 1696 3095 cns¹

72 3119 183 3192 integram
197 3123 339 3195 utriusque
350 3122 460 3181 todem
472 3125 637 3194 scripturam
656 3124 738 3180 latine
756 3123 889 3180 redditam
910 3132 937 3181 et
953 3123 1053 3180 nostris
1072 3131 1226 3179 contentum
1245 3123 1273 3177 in
1290 3122 1382 3178 bibliis
1400 3121 1510 3178 denotet
1525 3139 1532 3175 :
1547 3135 1609 3177 com
1623 3118 1694 3189 opud

76 3210 259 3286 bietoopmom,
271 3215 385 3287 epistda
397 3214 460 3283 tet,
479 3215 513 3271 ad
523 3215 654 3272 &oniam
663 3222 691 3272 et
702 3213 836 3271 Fretelam
848 3214 956 3283 scriptu,
968 3228 1082 3286 gracum
1094 3212 1235 3284 quamdam
1251 3212 1354 3269 Veteris
1366 3211 1529 3268 'lestunrcnti
1543 3211 1694 3267 tersionem

72 3299 158 3369 tltoeu
172 3304 283 3375 epistola
295 3321 360 3361 vero
373 3305 435 3372 llll,
448 3304 482 3362 ad
496 3305 707 3373 Pammsclrium,
723 3304 874 3363 versionem
888 3304 924 3360 itu
937 3313 1068 3372 vocatam,
1081 3319 1141 3361 curn
1154 3319 1185 3361 es
1200 3312 1299 3360 nostro
1308 3314 1497 3377 opponeretur.

100 3393 221 3462 Quantum
233 3399 267 3455 ad
278 3399 459 3470 covsJectnram
473 3399 569 3456 eodem
580 3399 641 3456 loco
653 3413 669 3454 a
682 3397 760 3455 nobis
773 3397 948 3471 propositam,
963 3397 1023 3470 ejus
1033 3397 1093 3455 door
1105 3405 1167 3455 sunt
1181 3407 1270 3467 portes
1283 3415 1290 3453 :
1302 3398 1398 3465 altera,
1410 3395 1548 3468 vulgatam
1560 3401 1692 3460 nostram,

72 3500 163 3554 quoa
177 3488 307 3547 l’salterio
325 3506 374 3562 per
387 3491 579 3563 llieronymum
593 3499 715 3548 correcm
728 3490 839 3547 minime
850 3488 986 3547 diversum
998 3505 1059 3547 csse
1071 3489 1293 3561 pmmrernnus,
1307 3491 1419 3560 potuim
1440 3489 1473 3544 ob
1495 3489 1563 3559 ipm,
1585 3487 1697 3559 epistota

74 3578 127 3647 itt,
135 3582 182 3636 dei
189 3583 330 3639 tetdonem
341 3600 374 3639 ee
386 3581 514 3655 lleeuplis
525 3599 543 3638 u
555 3598 583 3638 se
595 3582 706 3649 edituum
724 3583 792 3655 qrtod
810 3582 884 3639 illotis
901 3581 992 3637 iisdem
1010 3581 1195 3652 exemplaribus
1215 3582 1407 3637 cmsentientem
1432 3578 1569 3650 effecissem
1586 3579 1693 3651 epistole

73 3682 123 3724 tm
133 3670 215 3729 Pado
225 3683 252 3729 et
265 3673 404 3729 ΕιιιωιΙιίο
415 3675 511 3746 scriptu
523 3675 662 3731 sersionstrs
673 3673 848 3731 tuntmamodo
861 3680 1017 3738 comestum,
1031 3672 1099 3742 quod
1112 3673 1222 3743 natique
1239 3671 1313 3727 ambo
1324 3711 1332 3737 ,
1347 3681 1471 3743 quantum
1484 3671 1511 3726 iu
1524 3668 1581 3742 ipso
1594 3673 1691 3741 tuerat,

70 3759 193 3817 retiarium
203 3761 321 3830 saltora,
334 3764 403 3820 torte
413 3764 558 3835 contiqisse
570 3773 600 3819 stt
612 3764 700 3821 wem
710 3765 768 3836 ipsu
778 3764 876 3829 sessio,
891 3763 966 3833 cuias
978 3764 1040 3819 certi
1054 3762 1102 3817 loci
1116 3763 1223 3819 Sannio
1234 3774 1257 3818 et
1269 3761 1379 3819 Fretelte
1389 3765 1518 3836 nepotiam
1526 3761 1692 3835 summissu,

68 3864 95 3905 sa
103 3850 244 3921 derum,
254 3854 299 3910 aii
306 3855 429 3924 depsduttt
442 3855 522 3912 iidem
530 3855 581 3912 riri
593 3855 677 3928 (viros
688 3856 761 3912 enim
771 3854 900 3912 monum
911 3869 944 3911 so
957 3854 1091 3910 l'retclam
1105 3853 1232 3922 dicimus,
1247 3853 1318 3925 quod
1332 3854 1486 3930 llieronymr
1506 3856 1541 3913 ad
1555 3856 1616 3913 illos
1633 3853 1691 3926 cpi-

67 3945 124 4000 ttola
137 3948 163 4002 ia
175 3947 270 4004 codiee
279 3945 436 4006 Golbertino
451 3957 480 4005 et
495 3950 522 4005 in
542 3949 718 4006 Germanenai
741 3948 903 4005 inscribatur
926 3946 1101 4005 Dilectissimis
1123 3947 1282 4019 protritum)
1300 3948 1358 4018 jons
1378 3948 1411 4003 ob
1435 3950 1475 4006 itis
1496 3948 1648 4021 temporibus
1664 3948 1692 4003 iss

66 4034 153 4093 Gallius
166 4042 314 4108 mereris.
330 4039 476 4111 Utramque
489 4040 559 4096 banc
572 4050 675 4112 partem
689 4048 770 4112 negat
783 4038 830 4095 Vir
841 4039 972 4104 eruditus,
993 4054 1046 4095 non
1059 4039 1113 4097 alio
1125 4038 1222 4097 ductus
1235 4049 1407 4112 urqumcuto,
1420 4056 1499 4111 quom
1513 4041 1574 4110 quia
1589 4038 1692 4096 Psalte·

65 4130 121 4185 rinv
132 4130 263 4189 msera
274 4132 356 4205 (quod
369 4133 441 4189 idem
454 4134 532 4190 uobis
543 4142 676 4205 astatque
687 4132 828 4205 Vulgarum
839 4134 867 4191 in
879 4133 1016 4191 codicibus
1028 4144 1106 4189 anton
1117 4133 1230 4191 laudatis
1238 4135 1474 4208 comprehensum)
1483 4138 1515 4190 ot
1525 4136 1571 4191 illo
1580 4134 1692 4191 tersione
1804 4136 1806 4142 '

62 4239 210 4296 mm
220 4224 354 4282 dmum.
369 4225 473 4283 Suiilcit
485 4226 553 4285 utei
570 4226 701 4298 majorem
714 4227 787 4283 omrri
798 4226 955 4298 exceptione
972 4236 1069 4283 testem
1085 4226 1256 4283 llincmurum
1272 4226 1459 4300 producamus,
1475 4227 1520 4299 qui
1534 4226 1646 4297 epistola
1658 4225 1694 4283 ad

64 4313 218 4374 ludovicum
228 4317 379 4375 Gemtunim
391 4332 500 4390 regem,
522 4334 576 4375 non
600 4318 682 4375 modo
691 4318 812 4391 Volqatte
823 4328 921 4377 rimmo
935 4335 994 4377 eam
1003 4336 1065 4392 qum
1078 4320 1113 4377 ab
1126 4321 1435 4394 llieronymocommtmis
1444 4318 1693 4393 etmlqmudicitur,

63 4413 178 4483 φροιὶις
191 4413 242 4471 sed
253 4415 334 4471 etiam
347 4415 444 4471 asserit
456 4415 527 4486 apud
541 4414 633 4472 Gallos
644 4428 695 4471 sno
711 4423 832 4486 tempore
848 4430 908 4472 mm
922 4416 1092 4482 versionem,
1114 4431 1193 4487 quam
1210 4416 1281 4473 idem
1294 4416 1341 4473 ille
1360 4416 1458 4473 lioctor
1473 4415 1508 4470 od
1528 4414 1654 4471 Sennium
1666 4424 1693 4469 et

63 4502 182 4562 fretelam
192 4506 305 4563 πήίιιιι
314 4508 439 4579 moedi,
453 4507 482 4564 in
491 4522 541 4564 mn
555 4507 647 4564 tuisse
661 4507 829 4580 stapropter
838 4509 866 4563 ln
880 4508 906 4564 id
917 4509 1115 4565 consentiamus
1128 4523 1238 4565 neeesse
1256 4519 1297 4566 cst
1309 4509 1369 4565 illas
1380 4522 1488 4573 omncs,
1500 4523 1561 4579 qum
1573 4508 1600 4564 in
1613 4506 1689 4563 Psal-

63 4598 125 4654 tcriis
137 4599 241 4656 nostris
255 4599 359 4656 calamo
378 4599 493 4655 exaratis
512 4608 633 4666 exstant,
650 4599 842 4670 discrepantius
854 4601 918 4655 ueto
932 4599 1061 4667 diroriis,
1077 4611 1198 4672 utsupra
1217 4600 1372 4671 dicebatur,
1394 4601 1602 4668 dormitantibus,
1621 4601 1660 4657 sel
1674 4617 1693 4655 a

63 4693 277 4764 mmo-s
288 4693 411 4765 imperitis
422 4694 584 4750 scaturiisse.
598 4692 649 4749 llic
659 4692 786 4749 Volairidl
806 4693 948 4750 Strabottis
963 4695 1081 4750 auctoris
1100 4695 1245 4751 llincmnro
1270 4695 1379 4766 aequalis
1398 4696 1485 4752 locum
1499 4736 1507 4763 ,
1531 4695 1576 4752 ubl
1597 4693 1690 4753 Gallos

62 4784 191 4838 mmsis
203 4783 401 4839 emendationem
411 4800 488 4857 quam
508 4783 679 4856 llieronpmss
695 4784 728 4839 de
745 4783 913 4858 Septuttqinto
931 4784 1102 4858 interpretum
1115 4787 1225 4842 editione
1237 4789 1395 4857 conspersit,
1417 4785 1573 4843 Psuitcriuut
1589 4796 1693 4842 comare

63 4882 166 4933 testator
178 4877 231 4952 (lle
244 4876 307 4933 liet.
323 4876 468 4933 Emtedom
481 4894 539 4950 cap.
549 4877 607 4949 25),
621 4876 745 4933 conterre
755 4878 961 4947 supersedemus
974 4895 982 4933 z
994 4893 1045 4936 nec
1059 4879 1140 4934 etism
1155 4888 1196 4934 est
1208 4881 1314 4937 animus
1333 4891 1374 4936 tot
1391 4881 1463 4936 viros
1484 4879 1595 4945 doctos,
1617 4877 1691 4935 unde

62 4980 139 5026 masa
151 4979 253 5026 nomrae
266 4986 318 5025 non
333 4970 443 5026 minima
456 4971 533 5026 tieret
545 4970 711 5026 nunonnsts
721 4970 857 5038 accessio,
872 4985 1040 5039 memorare,
1062 4981 1154 5042 utputa
1173 4972 1302 5031 iacobum
1322 4973 1439 5030 Futurum
1462 4983 1491 5029 et
1512 4973 1621 5029 Petrum
1643 4972 1690 5033 ll-

64 5061 171 5129 tbuurn,
183 5062 281 5133 quibus
292 5062 403 5117 omnino
419 5076 575 5134 persuasum
589 5069 647 5117 erst
659 5060 791 5119 Gallicum
804 5062 963 5119 Psulterium
981 5078 1042 5120 csse
1054 5062 1119 5119 illud
1133 5065 1220 5135 ipsum
1241 5065 1313 5136 quod
1335 5065 1430 5119 iterum
1454 5063 1571 5120 correxit
1592 5063 1689 5121 llioro·

65 5170 159 5225 syrnos.
171 5156 243 5212 tulit
255 5170 320 5213 vero
332 5170 383 5213 nos
392 5163 483 5212 motet
494 5157 600 5227 vulqata
612 5155 656 5210 illa
667 5154 820 5228 ltteronprnt
832 5155 865 5211 ad
878 5156 1020 5212 basnosom
1033 5156 1156 5227 epistola,
1169 5157 1247 5227 cujus
1267 5158 1318 5213 boc
1331 5157 1432 5213 initium
1446 5165 1488 5213 est
1499 5175 1506 5213 :
1519 5156 1581 5230 Lepi
1594 5159 1692 5215 litteras

66 5246 215 5315 lpastolntsts
221 5249 270 5315 tsi,
284 5257 413 5321 poscentes
425 5256 454 5302 at
467 5248 604 5303 serendum
614 5246 801 5316 simplicitatem
810 5246 980 5319 Septuopitrtts
995 5246 1167 5317 Interpretare
1177 5265 1269 5304 cortens
1280 5248 1512 5319 Psulnmpmpltttut
1525 5251 1680 5322 interpretor

60 5340 176 5411 (mium,
187 5358 266 5416 qoam
277 5344 346 5400 alius
358 5340 394 5400 de
407 5342 537 5399 Psalterio
545 5342 669 5398 Ronmno
682 5340 814 5414 iutelligit,
828 5340 944 5398 aliosde
957 5340 1095 5398 Gallicano
1109 5360 1116 5396 ι
1131 5342 1199 5410 brec,
1212 5345 1329 5414 inquom,
1343 5344 1409 5400 nilril
1421 5359 1471 5403 nos
1484 5357 1584 5415 uteret,
1595 5356 1688 5417 utpote

58 5450 113 5503 qne
122 5436 260 5493 [deitatem
274 5451 350 5494 snam
365 5443 457 5507 aperte
471 5434 576 5507 prodat.

88 5526 145 5583 loni
159 5527 193 5584 asl
202 5539 388 5601 argumentum
401 5537 580 5584 revertamur.
594 5524 677 5582 Nobis
686 5525 767 5582 ctiam
778 5540 868 5598 operm
880 5527 994 5596 pretium
1007 5540 1070 5582 csso
1082 5527 1167 5581 visum
1180 5536 1221 5583 cst
1234 5526 1353 5584 studiose
1366 5528 1527 5587 Sermonum
1538 5530 1687 5587 doctrinam

55 5624 213 5695 eisrninare,
227 5636 313 5686 otmrn
328 5625 432 5685 scilicet
443 5638 506 5682 cum
521 5623 711 5696 brtpnstimana
722 5636 781 5681 save
791 5638 818 5678 ιιι
831 5622 893 5680 lidos
905 5636 936 5677 nc
949 5636 1052 5680 morum
1065 5616 1243 5692 doqumtilrus,
1260 5630 1316 5687 ,irs
1328 5627 1356 5685 in
1369 5625 1510 5697 scripturn
1521 5621 1687 5695 expositione
