3728 6276
183 309 263 369 fisos

193 430 342 481 tutoromm
356 422 422 480 tides
436 429 509 477 certa
527 425 555 476 et
567 416 652 475 sohda
664 416 827 474 conuborat.
845 412 980 470 Claudan-

184 525 239 571 ·tur
248 515 317 573 oculi
334 516 360 569 in
371 511 599 584 persecutionibus
610 527 618 577 ;
631 508 679 565 sod
691 515 764 580 patet
776 507 883 563 ιιιιιιιιι.
896 503 978 560 blina-

157 598 176 660 ¹.
194 615 238 662 tur
254 603 450 669 antichristum
464 602 510 658 sed
523 597 750 657 tueturChristus.
764 598 835 654 llors
848 596 978 662 intertum

194 697 241 753 sed
262 696 447 753 immortalitas
461 696 588 767 sequitur.
610 693 705 750 Occiso
721 690 836 746 mundus
852 690 979 759 eripitur,

184 789 242 844 ‘sod
253 789 374 844 restituto
384 786 525 858 paradisus
538 784 689 841 exhibetur.
701 783 760 836 Vita
776 779 929 850 temporalis
938 793 981 833 ex·

186 879 355 950 stinguitur:
368 878 415 935 sed
428 887 526 932 aterna
540 884 687 947 reparatur.
702 873 805 943 Quanta
819 870 983 942 ostdiqnitas

195 980 223 1027 et
246 979 344 1042 quanta
368 969 496 1025 securitas
517 968 590 1023 exire
614 966 675 1020 hinc
695 962 891 1025 lutomerice
912 960 982 1016 hrter

196 1075 335 1133 pressuras
354 1068 382 1115 et
402 1058 537 1129 angustias
553 1057 715 1127 gloriosum
730 1052 855 1109 claudere
871 1051 900 1107 in
922 1064 981 1105 mo·

187 1158 287 1206 mento
296 1149 399 1214 oculos,
411 1148 506 1219 quibus
518 1144 639 1201 homines
650 1142 809 1199 uidebantur
819 1149 846 1197 et
857 1138 981 1206 mundum

188 1241 301 1310 aperire
315 1254 362 1295 eos
376 1239 481 1303 statim,
499 1248 527 1291 ιιι
541 1237 609 1290 heus
626 1234 757 1297 videatur,
771 1233 850 1289 etiam
871 1230 984 1287 lelicitcr

201 1331 355 1402 migrando!
368 1329 469 1398 Quanta
481 1326 623 1382 velocitas!
636 1325 726 1381 Terris
740 1333 849 1394 repente
862 1322 982 1377 retrahe·

189 1422 246 1490 sris,
261 1432 290 1477 ot
313 1422 404 1493 requio
422 1419 576 1476 ιαιιιιιιιιιιι
598 1419 736 1487 reponaris
752 1419 772 1471 ’.
792 1416 856 1471 lirec
879 1423 984 1486 oportet

193 1522 290 1570 ¹ntcrrto
308 1521 336 1568 et
355 1512 516 1584 cogitatione
534 1509 692 1580 complecti,
712 1509 770 1563 hmo
787 1507 831 1562 die
851 1521 883 1562 ae
906 1517 985 1560 nocte

202 1606 332 1663 meditari.
346 1606 374 1662 st
395 1611 473 1659 tatem
486 1602 636 1674 persecutio
650 1599 781 1655 invenerit
800 1599 846 1654 liei
864 1597 983 1660 militem,

201 1699 269 1754 rinei
286 1713 338 1753 non
350 1696 448 1768 poterit
463 1695 547 1750 virtus
560 1693 593 1746 ad
613 1691 735 1764 praelium
747 1696 878 1759 prompta.
897 1685 947 1743 Vel
961 1686 984 1741 ιι

200 1787 339 1845 accersitio
351 1795 412 1842 ante
427 1785 596 1855 pervenerit:
609 1782 686 1848 lidei,
701 1796 760 1852 queo
771 1787 829 1836 erat
840 1778 873 1834 ad
887 1785 985 1849 marty·

199 1878 270 1934 rium
282 1883 438 1947 praeparata,
453 1874 512 1928 sine
523 1873 621 1927 damno
635 1870 761 1940 temports
773 1871 795 1934 ¹,
815 1883 918 1925 merces
930 1869 986 1923 lieo

198 1969 288 2041 judice
299 1967 429 2024 ιιιιιιιιιιι.»
446 1965 474 2020 ιιι
491 1966 675 2036 persecutione
692 1962 795 2031 militia,
805 1962 833 2016 in
843 1975 908 2032 paee
920 1974 987 2015 con·

193 2059 298 2115 ¹stantia
310 2065 461 2114 coronatur.

441 2165 556 2223 stitttto
573 2164 672 2222 tucri
682 2168 692 2189 ·
703 2164 745 2235 (ap

325 2285 350 2329 tn
360 2275 514 2329 solemnitate
524 2276 645 2327 mouenti}
654 2274 773 2341 martyris,
783 2288 810 2326 ss
821 2271 865 2340 (i).

238 2381 349 2441 catut
380 2376 605 2439 turhold-t.
630 2379 738 2436 brnoni
761 2382 892 2453 officinm,
915 2382 990 2437 mits‘·

202 2485 283 2530 strare
292 2475 440 2548 sanquinem
451 2470 555 2530 Christi.
569 2473 654 2530 Coertae
667 2472 807 2529 Dominieoe
823 2476 968 2546 mysianum
979 2517 987 2543 ,

203 2574 233 2619 nt
252 2567 325 2637 cujus
336 2565 485 2636 sanquinem
506 2563 638 2632 undatur,
654 2580 700 2635 pro
714 2566 769 2634 ipso
787 2565 898 2620 anonam
910 2582 989 2636 pona-

204 2671 269 2710 mus.
291 2651 364 2711 Beati
376 2651 510 2710 Laurentii
525 2655 711 2726 triumphalem
722 2654 812 2721 diem,
831 2672 885 2727 quo
905 2655 990 2717 calca÷

204 2746 243 2801 ait
262 2745 391 2802 muudum
408 2745 576 2813 frementem,
593 2745 694 2816 sprevit
707 2744 901 2812 blandientem,
914 2754 942 2802 et
963 2748 988 2801 in

205 2846 316 2908 atroque
338 2838 401 2893 vicit
424 2832 558 2893 diabolum
586 2848 807 2908 persequentem,
832 2837 989 2895 hodiernum

205 2927 282 2984 nohis
306 2928 425 2984 Ecclesia
446 2927 566 2983 Romana
580 2927 756 2983 commendat.
774 2927 860 2997 Quam
876 2928 990 2998 gloriosa

204 3023 286 3088 enim,
306 3029 334 3075 ct
348 3031 446 3092 quauta
459 3021 584 3075 uirtutum
598 3020 785 3087 multitudine,
801 3020 876 3091 quasi
896 3020 991 3076 [lorum

204 3112 344 3178 uarietate,
369 3110 492 3166 distincta
511 3110 647 3166 Laurentii
670 3112 793 3183 martyris
816 3111 851 3166 sit
874 3126 990 3177 corona,

207 3204 330 3258 uniuersa
347 3198 421 3257 testis
433 3211 475 3256 est
489 3201 583 3256 limata.
599 3201 626 3255 ιιι
645 3201 701 3270 ipsa
715 3202 786 3256 onim
800 3200 930 3267 Ecclesia,
939 3202 991 3257 sie·

208 3302 238 3348 ut
257 3292 350 3349 soletis
380 3292 488 3356 audire,
505 3291 610 3346 diaconi
624 3291 732 3360 gerebat
750 3290 877 3346 cilicium.
899 3291 936 3346 lbi
950 3307 993 3346 sa-

205 3369 280 3442 crum
292 3385 392 3442 Christi
405 3382 562 3456 sanquinem
581 3383 740 3439 ministrarit
753 3401 760 3436 ι
776 3383 812 3437 ιιι
832 3399 881 3452 pro
892 3383 991 3439 Christi

190 3479 314 3535 ,nomine
326 3492 403 3533 suurn
416 3475 571 3547 sanguinem
585 3473 660 3529 ιιιιιιι.
684 3473 724 3529 ιιι
743 3488 862 3530 mensam
877 3475 992 3545 potentis

206 3577 350 3648 pmdenter
362 3583 521 3631 accesserat.
540 3571 581 3626 hd
594 3572 663 3627 illam
676 3587 804 3636 mensam,
826 3571 861 3626 de
877 3587 928 3641 qua
944 3585 993 3626 no-

208 3667 248 3723 bis
259 3666 338 3723 modo
358 3664 508 3722 Salomonis
520 3663 658 3735 proverbia
672 3663 857 3732 loquebantur,
867 3662 910 3717 ubi
928 3661 994 3717 seri·

207 3769 281 3828 ptum
303 3769 345 3815 est
358 3776 366 3814 ι
379 3758 409 3812 Si
420 3758 514 3814 uaeris
526 3773 625 3813 eoeaare
638 3757 672 3810 ad
686 3771 797 3817 ιιιιιιιιιιι
820 3755 936 3825 potentis,
950 3770 994 3807 co·

207 3864 329 3919 quomens
348 3847 460 3918 intellipa
470 3863 528 3915 quae
542 3856 705 3917 apponuntur
717 3844 786 3910 tibi,·
804 3853 827 3897 et
842 3845 879 3898 sic
891 3841 994 3898 estrada

206 3954 309 3992 ursanum
327 3947 411 4002 tuam,
433 3937 514 3991 scietas
532 3937 652 4007 quonium
664 3935 758 3989 similia
774 3943 798 3988 te
816 3944 914 4004 oportet
925 3948 993 4004 prrs-

207 4043 298 4096 parare
316 4025 413 4097 (Pron.
430 4041 506 4092 sarta,
519 4027 545 4090 ι,
557 4024 605 4097 2).
630 4023 716 4095 liujus
733 4039 817 4080 coenae
838 4024 993 4095 mysterium

156 4143 158 4147 v
208 4121 301 4175 treatas
313 4117 449 4186 apostolus
457 4117 574 4173 ioannes
584 4117 721 4173 evidenter
733 4116 865 4186 exposuit,
879 4115 972 4170 dioens
984 4133 992 4170 ε

209 4209 280 4264 sicar
289 4207 404 4263 Christus
413 4206 539 4276 pronubis
552 4206 663 4260 animam
675 4221 747 4260 suant
761 4205 853 4274 posuit,
863 4205 899 4258 sit
912 4215 935 4258 et
948 4221 993 4258 nos

208 4298 324 4352 debemus
331 4297 429 4351 aninraa
437 4295 608 4366 prosratrt'ius
616 4294 821 4366 poneressioau.
834 4311 871 4359 ιιι,
884 4295 940 4364 ιιι).
951 4294 994 4351 ln·

208 4388 311 4445 tellesit
320 4388 379 4452 boc,
394 4387 500 4452 iratres,
510 4396 617 4443 sanctus
623 4387 781 4443 Laurentius
791 4405 798 4453 ;
808 4388 948 4452 intellexit,
961 4404 994 4444 ac

208 4481 271 4538 lecit
291 4499 299 4536 r
320 4487 349 4537 et
366 4493 474 4550 prorsus
486 4478 571 4549 qualia
585 4479 699 4548 sumpsit
712 4479 738 4533 iu
752 4478 795 4532 illa
812 4493 913 4543 mensa,
931 4478 993 4533 talia

209 4573 376 4643 praeparavit.
387 4570 494 4627 Amavit
503 4570 638 4626 Christum
648 4571 675 4626 in
686 4571 737 4626 vita
751 4585 810 4638 sua,
825 4572 941 4627 imitatus
952 4580 995 4627 est

208 4678 270 4719 eum
282 4663 308 4717 in
321 4672 474 4719 morte-sua.

243 4754 355 4812 carot
375 4754 486 4810 tt-t.
510 4752 638 4810 Christum
661 4754 730 4825 aequi
754 4770 839 4810 carnes
866 4755 992 4810 debeatur.

209 4846 242 4902 Et
260 4861 310 4901 nos
321 4861 394 4916 erqo,
408 4843 512 4909 iratres,
529 4845 551 4900 si
564 4845 693 4900 ueraciter
706 4860 837 4912 amamus,
849 4846 993 4901 imitemur.

207 4936 266 4996 ttm
289 4938 360 4995 enim
382 4937 521 4993 meliorem
540 4936 653 4994 reddere
670 4938 816 5007 poterimus
845 4938 994 4995 dilectionis

210 5067 340 5201 aaut
349 5069 542 5202 wat..
553 5079 654 5201 tue
666 5067 994 5201 ‘Cnidiiuinffulii

208 5189 306 5316 m
313 5199 390 5242 remu
407 5196 503 5254 repom
519 5188 623 5242 aruum
641 5196 667 5242 ut
683 5203 710 5242 ut
725 5203 794 5256 reqttt
814 5189 947 5244 ceterum
957 5204 994 5243 re·

240 5335 332 5408 ’apud
355 5334 482 5406 eumdem.
499 5331 540 5384 rel
557 5331 682 5384 munao
699 5339 754 5385 ara
770 5334 923 5398 metaturi,
944 5333 996 5390 siae

209 5408 366 5461 ,marnoa
380 5403 426 5446 erst
439 5393 629 5460 ῥιιιιιιιιιιι
645 5395 679 5446 ad
694 5395 837 5463 marmnaea
847 5403 993 5462 praeparata.

209 5453 493 5522 mammarum.

240 5534 863 5604 ·neeognuustnet.o.r.t.ethohm.au.tnr.

240 5621 278 5686 (a)
292 5618 363 5683 ilias,
374 5621 407 5672 de
418 5622 523 5673 ιιιιιιιιι
531 5621 572 5671 st.

240 5704 278 5771 (ι)
293 5707 352 5758 citat
362 5704 480 5758 tiorusad
491 5705 592 5770 thtltpp.
602 5717 628 5756 ta.

800 301 829 360 S.
848 294 1035 359 autus'rtht
1052 294 1204 359 srsscort

1032 410 1157 482 hactum,
1178 428 1257 486 quarn
1271 412 1426 472 imitationis
1444 416 1612 488 exemplum
1626 411 1744 476 claun
1753 421 1816 477 erin

1032 520 1080 576 pro
1093 503 1164 560 nabla
1177 520 1265 577 passus
1278 515 1325 574 est,
1339 507 1482 578 relinquens
1493 508 1565 564 nadis
1575 509 1734 580 mutan,
1746 521 1773 566 ut
1783 529 1818 568 rr·

1032 611 1140 663 mamas
1150 596 1252 668 settipio
1264 597 1319 668 ejus
1330 595 1340 669 (
1351 596 1362 652 l
1375 595 1446 652 Petr.
1459 613 1489 662 ιι,
1500 597 1533 653 at
1548 597 1569 671 ).
1582 598 1614 654 in
1625 598 1678 655 lsac
1689 601 1817 657 sententis

1032 687 1131 743 vidisse
1149 685 1255 744 ridetur
1279 688 1413 760 apostolus
1432 689 1538 758 Petrus,
1556 689 1629 762 quod
1643 705 1696 763 pro
1707 691 1750 748 has
1766 701 1819 750 taa-

1033 787 1089 835 tum
1102 793 1196 852 passus
1204 789 1246 836 est
1256 780 1392 848 Christus,
1408 781 1453 852 qui
1467 791 1615 854 sequuntur
1627 783 1743 856 vestigia
1755 784 1817 856 ιῑιιι,

1033 887 1120 945 neque
1139 873 1222 944 prosit
1234 872 1376 944 quidquam
1398 871 1497 930 Christi
1518 873 1618 944 passio,
1640 873 1698 930 nisi
1717 874 1818 946 illisqui

1034 974 1181 1035 sequuntur
1206 964 1315 1035 vestigia
1336 963 1404 1035 eius.
1425 963 1516 1021 Securi
1534 973 1597 1020 sunt
1616 979 1680 1022 eum
1694 976 1819 1038 martyres

1035 1057 1128 1121 sancti,
1155 1071 1239 1128 usque
1257 1056 1291 1111 ad
1305 1055 1461 1113 allusionem
1473 1055 1585 1120 cruoris,
1602 1070 1690 1127 usque
1704 1055 1742 1112 ad
1752 1058 1817 1112 ami

1033 1147 1170 1203 latudinem
1184 1146 1315 1218 passionis
1334 1163 1343 1202 r
1357 1147 1442 1203 secuti
1453 1156 1516 1202 suut
1529 1150 1681 1219 martyres}
1704 1145 1752 1203 sed
1771 1163 1819 1202 nou

1034 1239 1093 1294 soii.
1115 1238 1172 1294 Non
1191 1238 1262 1295 onim
1277 1246 1415 1309 postquam
1430 1237 1467 1293 illi
1480 1237 1665 1306 transierunt,
1680 1239 1818 1308 pensiori·

1035 1345 1080 1384 sus
1095 1338 1155 1393 est;
1176 1337 1222 1385 aut
1233 1327 1433 1400 postquam‘ipsi
1447 1327 1580 1391 biberunt,
1593 1325 1656 1384 lons
1668 1327 1818 1398 ipsesioer·

1036 1431 1137 1478 tusest.
1151 1421 1216 1490 Qum
1237 1429 1280 1476 est
1300 1420 1371 1476 enim
1392 1435 1454 1490 spes
1470 1418 1588 1474 bdelium
1606 1418 1756 1484 bonorum,
1779 1418 1819 1487 qai

1036 1515 1078 1570 tel
1097 1513 1147 1569 sab
1166 1512 1268 1569 loedere
1290 1511 1419 1582 eotrjupali
1430 1511 1521 1581 jugam
1534 1509 1700 1565 matrimonii
1711 1518 1783 1565 caste
1794 1518 1819 1564 ιι

1035 1605 1203 1661 concorditer
1216 1605 1335 1670 ducunt,
1354 1603 1396 1660 rel
1411 1604 1461 1660 sub
1478 1602 1644 1658 continentia
1658 1600 1756 1658 viduali
1774 1601 1819 1654 do·

1036 1704 1110 1750 taam
1123 1696 1211 1751 carnis
1230 1694 1379 1761 illecebras,
1394 1694 1438 1750 tel
1450 1693 1530 1750 etiam
1553 1692 1706 1748 sanctitatis
1725 1692 1818 1763 apieua

1037 1786 1135 1842 celsius
1156 1787 1288 1857 erigentes
1301 1795 1329 1843 et
1342 1787 1369 1840 in
1383 1800 1451 1842 nota
1469 1785 1620 1856 virginitate
1642 1783 1769 1839 boreates
1780 1799 1818 1838 sr-

1037 1879 1155 1940 quuntur
1166 1884 1262 1940 agnum
1275 1883 1441 1940 quocumque
1450 1868 1510 1925 ierit
1522 1867 1613 1936 lQuae
1627 1867 1699 1935 istis,
1709 1867 1817 1938 iuquam

1038 1975 1097 2031 quae
1110 1960 1188 2015 nobis
1203 1959 1327 2016 omnihus
1339 1973 1400 2029 spes
1418 1969 1469 2025 est,
1483 1958 1506 2014 si
1522 1967 1739 2028 nonsoquantar
1749 1957 1818 2012 Cbn'-

1038 2059 1119 2115 stum,
1132 2050 1182 2105 nisi
1197 2050 1242 2122 qui
1258 2065 1307 2121 pro
1324 2049 1382 2122 ipso
1400 2047 1555 2120 sanquinem
1578 2047 1695 2103 tundunt
1709 2047 1723 2101 l
1735 2047 1817 2103 Perdi·

1039 2150 1097 2198 tara
1111 2150 1153 2197 est
1161 2155 1226 2212 ergo
1238 2140 1306 2197 tilios
1317 2154 1390 2207 suos,
1401 2154 1468 2212 quos
1481 2147 1555 2194 tanto
1565 2138 1719 2206 leeundius,
1728 2148 1818 2209 quanta

1038 2232 1159 2288 securius
1181 2241 1301 2302 empore
1324 2231 1397 2302 pacis
1418 2232 1495 2288 enixa
1521 2239 1564 2287 est
1581 2238 1671 2286 mater
1687 2228 1820 2285 Eoetssiat

1039 2323 1113 2390 Quos
1134 2338 1168 2379 ne
1187 2322 1291 2393 perdat,
1305 2322 1404 2378 oranda
1418 2330 1461 2378 est
1472 2321 1635 2391 persecutio,
1650 2318 1752 2375 omttda
1769 2327 1819 2373 tea-

1040 2415 1128 2471 tatiol
1148 2415 1245 2482 Absit,
1270 2414 1373 2469 iratres.
1389 2412 1527 2482 Quomodo
1547 2413 1620 2469 enim
1645 2420 1820 2483 potestatam

1041 2506 1264 2577 persecutionem,
1275 2505 1319 2574 qui
1327 2503 1446 2576 quotidie
1458 2503 1567 2571 clamat,
1579 2499 1624 2558 Νι
1633 2520 1682 2557 nos
1692 2501 1821 2572 inferuis

1040 2595 1201 2650 tentationem
1215 2591 1330 2666 (ιιιιιιι.
1345 2609 1382 2660 ιι,
1395 2589 1448 2664 ιιι)
1464 2591 1477 2646 l

1075 2685 1188 2743 CAPUT
1203 2684 1393 2749 tlh-tiabat,
1415 2684 1505 2752 habet,
1521 2684 1629 2752 iratres,
1642 2683 1724 2740 babet
1736 2683 1822 2738 bertus

1041 2778 1264 2845 illedominious,
1282 2793 1335 2833 nou
1358 2777 1444 2834 solum
1459 2793 1534 2833 rosas
1555 2786 1716 2849 martyram,
1738 2775 1822 2832 sedet

1041 2872 1096 2928 lilia
1117 2871 1266 2941 uirginum,
1287 2877 1315 2926 et
1332 2869 1533 2940 conjugatorum
1555 2868 1683 2935 hederas,
1695 2867 1824 2937 viohsqoe

1041 2960 1189 3016 viduarum.
1216 2959 1338 3026 Prorsus,
1361 2957 1537 3023 dilectissimi,
1563 2957 1668 3013 nullum
1686 2955 1822 3029 genusbo

1042 3053 1142 3109 minum
1156 3049 1246 3107 desua
1262 3049 1400 3105 vocatione
1413 3048 1555 3117 desperet:
1571 3062 1621 3118 pro
1633 3047 1759 3103 omnibus
1771 3060 1823 3115 pas·

1042 3157 1088 3198 sus
1101 3151 1142 3199 est
1154 3141 1285 3198 Claristus.
1299 3139 1436 3197 Veraciter
1448 3138 1482 3192 do
1492 3136 1538 3193 illo
1560 3137 1691 3207 seriphum
1702 3145 1761 3202 est,
1780 3135 1825 3202 osi

1042 3232 1095 3288 cult
1108 3250 1193 3288 omnes
1206 3233 1318 3288 dominer
1331 3231 1414 3286 saluas
1438 3229 1503 3298 fieri,
1522 3237 1547 3282 et
1559 3229 1587 3283 in
1600 3230 1755 3300 aqniticrrem
1765 3229 1821 3284 tci-

1042 3326 1100 3378 tatis
1111 3324 1195 3378 amite
1204 3323 1234 3394 (ι
1248 3323 1315 3379 Tim.
1330 3340 1358 3390 ιι,
1373 3319 1419 3395 ι).

1078 3416 1105 3471 5.
1115 3412 1149 3469 la
1161 3415 1250 3484 quibas
1261 3415 1317 3469 licet
1327 3414 1454 3470 Christum
1471 3413 1550 3485 sequi,
1565 3421 1660 3483 preter
1671 3411 1820 3482 martyriam.

1046 3504 1184 3560 liunsr'iitas
1208 3505 1288 3575 ipsius
1307 3504 1435 3559 metanda.
1459 3502 1577 3558 Vindicta
1594 3499 1820 3569 anastasiani.

1043 3612 1094 3650 noa
1114 3595 1261 3666 expetenda.
1282 3594 1422 3650 Praesentia
1442 3594 1632 3649 ronumaenda.
1655 3591 1823 3662 tntetttqauas

1044 3700 1107 3756 ergo
1135 3694 1232 3756 praeter
1253 3685 1408 3740 allusionem
1427 3683 1546 3750 cruoris,
1568 3694 1669 3754 praeter
1690 3681 1821 3751 periculum

1045 3778 1186 3848 passionis,
1201 3776 1334 3846 quomado
1345 3774 1477 3831 Christum
1490 3774 1588 3831 debeat
1606 3776 1684 3845 sequi
1704 3771 1821 3830 Chr'utia-

1044 3882 1104 3923 nus.
1130 3866 1273 3937 Apostolus
1296 3866 1369 3934 dicit,
1390 3866 1501 3938 loquens
1519 3865 1554 3920 de
1575 3865 1693 3920 bonine
1704 3863 1820 3919 Christo:

1046 3956 1096 4024 Qui
1108 3973 1164 4011 cum
1183 3957 1209 4010 in
1231 3960 1312 4026 [amsa
1324 3955 1371 4011 Dei
1383 3966 1456 4022 esset,
1480 3971 1530 4010 non
1555 3954 1677 4024 rapinam
1700 3954 1824 4008 ιιιιιιιιιιι

1044 4059 1081 4101 eu
1098 4064 1150 4101 esse
1169 4047 1273 4118 aeqrmiis
1289 4044 1353 4102 Dra.
1381 4046 1484 4113 Quanta
1505 4045 1655 4113 majestas!
1674 4044 1728 4100 Sed
1747 4049 1822 4098 sorte·

1045 4138 1130 4206 iprum
1140 4137 1287 4207 exinaniuit,
1300 4141 1409 4209 [emtam
1420 4136 1483 4192 serui
1491 4134 1630 4207 accipiens,
1649 4136 1678 4189 itt
1691 4132 1823 4190 similitudi·

1045 4247 1101 4286 nem
1124 4231 1252 4285 hominum
1278 4234 1379 4301 factus,
1402 4237 1424 4283 at
1446 4228 1532 4281 habitu
1556 4227 1673 4282 inuentus
1698 4237 1727 4282 st
1751 4229 1822 4279 horu.

1045 4324 1148 4392 Quanta
1171 4323 1325 4379 humilitas!
1341 4322 1492 4377 Hurrriliauit
1513 4333 1543 4375 se
1565 4319 1692 4374 Christus
1713 4317 1824 4381 zanoe,

1045 4413 1204 4480 christiane,
1219 4413 1289 4485 quod
1302 4420 1404 4469 leneas.
1418 4410 1539 4467 Christus
1552 4414 1635 4482 {aetas
1649 4420 1689 4466 ert
1700 4410 1826 4465 obediens:

1046 4505 1109 4576 quid
1123 4504 1245 4575 superbis
1257 4503 1270 4559 l
1283 4503 1425 4573 Quousque
1438 4500 1522 4558 iactus
1544 4510 1586 4557 est
1607 4501 1740 4556 obediens
1760 4496 1826 4555 Chri·

1046 4595 1126 4651 stusl
1141 4594 1229 4667 Usque
1241 4595 1274 4650 ad
1288 4594 1494 4650 incarnationem
1507 4592 1602 4658 Verbi,
1625 4608 1715 4663 usque
1728 4593 1760 4649 ad
1773 4607 1827 4662 par·

1047 4687 1225 4756 ticipationem
1239 4686 1407 4741 mortaiitatis
1421 4685 1559 4749 humanm,
1581 4700 1667 4754 usquo
1683 4685 1719 4740 ad
1742 4686 1828 4740 trinam

1047 4777 1144 4832 diaboli
1160 4776 1342 4841 tentationem,
1357 4790 1441 4847 usque
1461 4775 1495 4830 ad
1514 4773 1666 4829 irrisionem
1688 4776 1779 4846 populi
1790 4773 1829 4829 iu·

1048 4867 1176 4933 duorum,
1192 4867 1317 4936 usquead
1331 4877 1407 4938 sputa
1423 4874 1450 4922 et
1462 4865 1566 4920 uincula
1581 4906 1589 4928 ,
1602 4879 1689 4934 usque
1702 4865 1737 4920 ad
1749 4865 1830 4933 alapas

1047 4969 1074 5014 et
1088 4958 1188 5028 bragella
1202 4975 1210 5024 ;
1225 4958 1247 5013 si
1266 4973 1359 5028 parum
1371 4966 1423 5024 est,
1442 4973 1521 5028 usque
1542 4956 1577 5010 ad
1604 4965 1741 5023 naastan,-
1765 4964 1792 5011 et
1811 4955 1830 5007 si

1046 5051 1133 5105 adlrne
1152 5048 1250 5120 aliquid
1273 5050 1353 5107 etiam
1374 5050 1408 5106 de
1431 5063 1529 5120 genere
1549 5050 1644 5103 mortis
1665 5048 1830 5109 addendam,

1046 5150 1150 5195 nrortenr
1163 5151 1247 5195 autem
1261 5141 1342 5196 erucis
1354 5140 1480 5212 (Philipp.
1495 5155 1524 5206 ιι,
1537 5138 1589 5195 dd
1604 5136 1627 5212 l.
1642 5139 1776 5194 ltabemns
1785 5136 1831 5193 tale

1048 5232 1202 5287 humilitatis
1211 5233 1371 5302 exentplum,
1384 5230 1515 5302 superbla
1528 5229 1766 5286 medicamentum.

1082 5321 1195 5379 carot
1217 5322 1260 5378 tt.
1276 5321 1390 5389 -Quid
1411 5338 1474 5393 erpo
1499 5322 1666 5385 intumescis,
1690 5337 1709 5378 o
1734 5318 1831 5377 homst

1047 5416 1070 5471 0
1090 5417 1165 5486 pellis
1186 5417 1335 5483 morticina,
1350 5416 1415 5488 quid
1436 5414 1579 5472 tenderis?
1601 5414 1732 5472 Osanies
1744 5413 1829 5475 teth.

1047 5509 1110 5580 qaid
1133 5506 1258 5562 inflaris?
1280 5507 1407 5575 anhelas,
1429 5505 1514 5573 doles,
1537 5517 1646 5571 usuras,
1669 5507 1733 5576 quia
1748 5505 1828 5561 ιιιιιιι

1047 5602 1107 5672 quis
1127 5602 1173 5658 tibi
1193 5602 1256 5659 lecit
1276 5601 1410 5672 injuriam.
1432 5598 1507 5657 Unde
1532 5607 1560 5654 tu
1580 5599 1685 5669 flagitas
1699 5600 1825 5658 ultionem·

1049 5696 1107 5754 sitis
1119 5697 1204 5753 arenti
1218 5695 1292 5753 laute
1309 5694 1451 5753 uindictam
1465 5710 1472 5760 ;
1488 5707 1539 5749 uec
1552 5693 1627 5763 prius
1642 5692 1676 5750 ab
1692 5690 1827 5768 inmutat
