3750 6270
208 230 262 286 uu
811 220 840 278 s.
861 218 1045 277 aucusrtm
1064 217 1216 279 sescum
1792 203 1846 287 ιιι

209 346 232 397 ai
245 343 282 399 ria
296 344 487 412 perfectorem,
501 338 572 404 uode,
583 336 661 392 ocadc
673 335 820 406 outnioquoe
830 335 916 403 treber,
929 342 953 388 et
963 333 997 386 do
1051 331 1164 401 dedisti,
1177 344 1276 391 aterna
1288 351 1363 393 sume
1376 355 1383 393 a
1397 336 1579 405 meadcdisti,
1601 355 1644 397 ute
1656 339 1743 412 ipsum
1758 359 1845 402 sume.

210 431 381 502 praemitur,
404 439 427 484 et
442 428 541 483 leniciis
554 427 736 482 thesaurorum
755 425 828 480 coelo.
849 424 906 480 Nou
926 424 997 479 enirn
1050 422 1119 491 Quid
1139 425 1210 479 cuim
1232 425 1345 496 dedisti,
1360 428 1410 482 ulst
1429 443 1462 483 ert
1475 443 1508 484 eo
1528 428 1600 501 quod
1615 446 1630 484 a
1645 447 1689 487 me
1701 435 1845 504 accepisti?

209 524 291 589 diuit,
306 519 390 577 l‘errlc
400 535 408 585 ;
420 518 484 585 sed,
495 518 574 573 rende
585 527 609 573 et
621 517 677 572 ocni
690 517 710 582 ¹,
724 532 825 587 aequm
837 532 877 570 mc
890 513 997 586 (Metti.
1051 512 1126 580 Quod
1141 515 1248 573 dederis
1261 518 1269 550 ¹
1287 533 1340 573 non
1352 518 1449 585 reddo,
1463 519 1507 592 qui
1520 520 1591 576 uude
1609 521 1688 578 dares
1706 523 1787 580 dedii
1800 526 1844 596 qui

210 628 275 679 xta,
293 611 393 681 teas).
414 609 461 664 illc
478 609 524 680 qui
541 607 722 664 delectabatur
744 605 845 661 diuitiis
866 606 942 671 suis,
971 613 998 660 ct
1052 605 1175 676 teipsum
1187 608 1232 678 qui
1245 607 1323 664 dares
1336 609 1415 676 dedi;
1432 610 1476 681 qui
1492 610 1537 667 tibi
1552 611 1686 668 Christum
1706 617 1747 669 cui
1766 614 1846 674 dares

210 712 349 775 propterea
362 699 498 772 quaerebat
517 714 532 754 a
554 699 666 754 homino
685 695 747 769 quid
766 696 829 752 honi
840 695 954 757 laceret,
970 704 999 752 ut
1051 697 1122 763 dedi,
1139 700 1182 768 qui
1197 698 1242 753 tibi
1252 697 1370 766 diceret,
1387 699 1495 766 Quorrdo
1508 701 1552 756 uui
1566 703 1722 759 eamiuimia
1733 705 1794 759 uteie
1810 707 1847 775 se·

209 795 290 852 riam
303 802 430 848 retentam
450 798 674 860 consequeretur,
690 788 752 860 quia
765 803 780 842 a
793 786 896 843 deliciis
907 785 939 841 ad
951 786 999 842 dc·
1051 786 1116 853 deti,
1130 788 1192 842 arilei
1210 789 1291 858 {eristi
1309 789 1413 863 (llatth.
1429 807 1498 854 xxv,
1513 792 1570 863 tu).
1584 793 1653 850 Eece
1666 795 1708 849 eui
1722 793 1782 862 das,
1796 811 1845 868 pu-

209 885 285 943 licias
306 884 421 954 migrare
440 880 580 951 cupiebat,
601 889 628 936 et
642 878 690 934 has
708 879 804 950 quibus
817 877 998 934 delectabatur
1051 871 1102 932 seh
1115 879 1161 934 ’ct
1171 880 1256 934 esurit
1266 891 1375 950 propter
1386 890 1430 936 te:
1444 880 1534 950 dunat,
1547 892 1574 938 et
1587 893 1656 954 eget.
1671 886 1782 952 Quando
1795 887 1845 940 dtr-

209 977 360 1047 relinqucre
375 973 549 1040 formidabat,
562 972 692 1028 abscessit
712 971 795 1027 tristis
806 971 839 1026 ad
859 973 998 1026 thesauros
1052 977 1114 1035 nat,
1135 970 1174 1022 ris
1185 970 1307 1040 accipere
1323 990 1330 1026 :
1344 972 1450 1043 quando
1462 983 1539 1044 eget,
1559 989 1612 1029 non
1628 976 1668 1031 ris
1687 976 1763 1032 darc.
1778 977 1846 1046 Eget

208 1083 273 1125 euos
284 1065 513 1123 terreuasdtalutt
524 1065 635 1121 credere
650 1065 762 1119 hurutuo
772 1063 832 1134 quia
845 1072 1000 1133 patestser-
1051 1057 1186 1127 Christus,
1201 1061 1308 1130 quando
1326 1071 1386 1134 eget
1398 1078 1497 1135 pauper
1511 1082 1518 1118 :
1533 1066 1577 1136 qut
1592 1067 1716 1122 erunibus
1728 1068 1785 1123 suis
1805 1068 1845 1123 rt·

209 1175 272 1215 unre
285 1160 312 1213 in
323 1156 403 1225 cmlii,
418 1156 489 1227 quod
503 1156 647 1227 periturum
658 1167 697 1210 est
709 1156 734 1209 iu
749 1165 826 1210 terra.
842 1154 930 1209 Noluit
940 1169 1000 1210 usse
1052 1159 1105 1204 tim
1116 1161 1240 1206 aeternam
1252 1161 1359 1222 paratus
1370 1162 1412 1211 est
1423 1154 1498 1221 darc,
1514 1155 1541 1211 iu
1556 1173 1714 1229 unoquoque
1728 1174 1841 1231 paupert

207 1266 288 1306 uerus
303 1257 405 1303 arnator
425 1246 542 1302 thesauri
560 1247 612 1301 sui.
627 1245 694 1301 itale
711 1245 844 1308 tenendo,
862 1243 997 1314 perdidit:
1052 1244 1361 1316 temporaliterdiguatus
1374 1254 1416 1303 est
1429 1247 1560 1318 accipere.

211 1344 323 1399 multum
336 1338 489 1410 diligendo,
504 1337 602 1391 amisit.
615 1334 681 1390 Nam
695 1336 717 1390 si
735 1335 804 1391 hene
818 1335 892 1390 iilum
905 1313 999 1406 ditige-
1087 1354 1198 1412 gqppq
1213 1356 1351 1414 q·1q‚..9‚
1375 1357 1474 1414 pqqpoe
1490 1360 1517 1413 ιη
1541 1360 1630 1415 coepgm
1652 1364 1836 1432 praemppmpoe

209 1441 269 1493 ret.
287 1432 312 1485 itt
327 1433 423 1486 toelttm
436 1429 579 1500 migraret,
596 1443 649 1498 (1ιΙο
661 1427 717 1498 ῑβῦθ
728 1436 819 1496 postea
832 1437 998 1497 Sequemur·
1053 1445 1192 1518 Pauperer,
1207 1448 1331 1503 laturarii.
1344 1448 1377 1505 ta
1388 1450 1527 1506 consilium
1537 1452 1581 1507 dat
1595 1469 1647 1523 quo
1661 1455 1759 1525 migres
1774 1473 1782 1511 :
1796 1457 1845 1512 de·

211 1523 323 1576 lturuum
336 1521 374 1575 illi
387 1520 458 1575 Deus
476 1518 593 1574 ostendit
616 1517 660 1572 uhi
676 1518 818 1587 migraret,
838 1532 891 1573 non
913 1518 1000 1574 luteam
1052 1539 1091 1595 (qq
1113 1539 1185 1596 enim
1206 1541 1346 1598 compium
1370 1557 1422 1612 quo
1444 1543 1560 1614 migrare
1580 1544 1687 1601 debeas,
1707 1547 1789 1618 pig„
1810 1547 1846 1617 gg

210 1613 253 1665 uhi
268 1611 390 1680 perderet
405 1618 529 1664 :secutos
538 1609 608 1664 enim
618 1610 664 1671 ait,
679 1606 727 1663 b'bi
738 1608 805 1662 caim
817 1608 892 1678 {ucrh
905 1609 1002 1663 theros-

210 1721 253 1757 ιιι
267 1711 339 1770 tuas,
352 1703 459 1758 illicerit
468 1710 491 1757 ct
502 1717 546 1756 cor
558 1710 629 1755 tauro
644 1698 698 1774 (id.
713 1717 737 1755 rt
747 1739 756 1769 ,
766 1699 824 1773 bl).

245 1839 360 1898 catut·
385 1840 427 1895 tlt.
447 1839 523 1896 -8,
543 1837 646 1893 bletuoe
658 1838 685 1892 t'rt
697 1848 751 1893 tute
771 1845 916 1909 ponamus,
939 1839 1001 1891 titum

212 1943 358 2005 erogentur.
377 1930 545 2002 Eleemoagaa
565 1931 635 2001 ρίιιιιι
656 1931 729 2002 [mos
746 1927 811 1985 bre.
835 1929 889 1986 Sed
911 1931 1002 1988 uiuere

211 2026 305 2081 uolunt
324 2026 335 2058 ¹
355 2024 479 2080 horrrines
499 2022 605 2079 divitias
619 2022 700 2078 suasi
712 2021 766 2078 Fac
787 2024 858 2093 quod
880 2024 908 2079 ln
930 2032 1001 2080 terra

213 2117 402 2181 thesaurizent,
414 2116 541 2186 namquid
554 2129 607 2170 non
618 2115 711 2171 timent
720 2114 805 2171 rideri
814 2115 919 2172 diuitias
928 2117 1002 2172 suas?

212 2208 347 2266 Edudiuat
355 2216 383 2263 et
393 2206 536 2263 altstruunt
547 2214 576 2261 et
586 2205 743 2277 cooperiunt
755 2220 803 2262 eas
818 2223 824 2260 :
838 2214 938 2262 etcum
950 2207 1002 2262 ob-

209 2298 357 2355 suaserint
368 2305 396 2352 et
408 2297 611 2367 cooperuerint,
625 2295 753 2364 numquid
767 2296 859 2353 rident
870 2297 940 2368 quod
955 2298 1004 2354 ha·

212 2389 296 2447 bentt
316 2387 370 2444 Nec
384 2388 441 2458 ipse
458 2387 529 2442 ridet
544 2403 551 2441 t
564 2395 639 2457 optat
652 2395 681 2441 ut
699 2387 796 2452 latum,
812 2385 888 2443 timet
900 2404 934 2444 ne
955 2404 1002 2460 pa·

214 2491 269 2537 teat
280 2481 303 2536 ⁸.
316 2481 381 2536 Esse
396 2479 453 2534 ruit
463 2478 538 2534 dives
560 2478 587 2533 in
609 2477 751 2547 opinione,
766 2492 820 2533 nou
841 2479 867 2534 in
882 2480 1002 2536 ueritate.

214 2572 294 2641 Quasi
306 2569 404 2627 suillcit
418 2569 517 2625 habere
531 2569 558 2623 in
569 2569 748 2634 cortscleutia,
770 2569 841 2639 quod
866 2582 955 2627 serrat
977 2573 1003 2628 ia

213 2662 327 2720 mua⁸t
346 2662 369 2718 0
390 2669 490 2731 quanto
513 2659 599 2731 maior
617 2660 663 2715 tibi
682 2670 709 2716 et
729 2661 825 2717 melior
842 2663 1003 2720 corroeientia

212 2754 279 2818 crit,
291 2755 314 2808 si
326 2752 475 2808 servareris
484 2753 510 2806 in
520 2751 605 2807 coelol
620 2750 669 2806 liic
679 2765 739 2806 oum
749 2750 871 2810 obrueris
884 2753 910 2808 in
922 2763 1002 2821 terra,

214 2848 293 2903 umes
307 2860 340 2905 ue
354 2845 420 2899 sciat
443 2857 536 2898 eurus
557 2851 617 2898 tuos
631 2852 659 2898 et
679 2841 782 2899 ausast
794 2852 822 2899 ot
842 2843 946 2914 lugiet:
961 2844 1005 2900 hic

214 2937 292 2993 thurea
305 2951 339 2991 ue
350 2935 453 2992 abierat
464 2932 511 2988 tibi
523 2947 617 2988 seruus
629 2941 690 2988 tuus
704 2947 712 2999 ;
725 2931 761 2988 ibi
772 2948 825 2988 uou
840 2933 928 3001 ιίιιιοι,
943 2936 1004 3005 quia

197 3026 283 3082 ·bette
299 3026 344 3080 tihi
365 3035 454 3080 serrat
476 3024 601 3078 Dominus
624 3030 693 3079 tuus.
707 3022 759 3080 Sctl
773 3023 875 3092 balteo,
895 3026 1003 3094 laquie,

214 3133 320 3175 serrum
333 3117 436 3173 ildelem
447 3157 455 3183 ,
468 3116 513 3187 qui
527 3126 554 3172 et
572 3116 697 3183 navent,
709 3125 736 3172 et
752 3132 805 3173 uon
827 3118 922 3188 prodat
935 3120 956 3184 ⁸,
978 3129 1005 3175 et

216 3226 268 3266 nott
295 3208 521 3275 tollattiurupara
544 3207 617 3263 iilum
644 3207 758 3264 Daritim
780 3218 835 3264 tuo.
850 3208 879 3266 Si
900 3211 1004 3268 lidelem

215 3318 320 3359 serrum
336 3300 477 3366 iuuerunt,
498 3299 626 3357 llonriuus
640 3308 700 3355 tuus
720 3301 827 3371 quaudo
846 3310 873 3358 te
892 3302 1006 3360 ielcllitl

217 3393 273 3450 Etsi
285 3410 337 3449 non
353 3402 441 3464 preest
453 3407 546 3448 servus
556 3400 617 3447 tuus
627 3392 729 3460 tollere,
744 3403 832 3463 potest
843 3403 931 3451 tamen
946 3412 1005 3468 por-

216 3487 301 3543 tlere:
319 3489 444 3543 horumm
457 3493 517 3540 tuus
529 3500 578 3540 nec
593 3485 687 3541 tollere
706 3499 756 3542 uec
769 3486 881 3556 perdere
898 3497 1002 3559 potest,

215 3592 266 3632 uec
279 3577 367 3648 perire
388 3575 526 3645 permittit.
539 3574 633 3631 Servat
647 3574 713 3641 tibi,
730 3585 820 3633 manet
835 3578 897 3645 tihi;
912 3578 1006 3635 liberat

217 3679 251 3732 te,
268 3677 420 3723 intereuntem
435 3675 462 3722 te
471 3667 543 3731 tacita
553 3681 603 3722 uec
615 3667 704 3737 perdet
719 3675 756 3733 te,
767 3683 817 3726 uec
829 3670 922 3738 perdet
933 3672 1005 3742 quod

216 3760 241 3813 ui
255 3757 491 3816 commendaveris.
504 3756 581 3823 Veni,
593 3756 687 3828 inquit,
701 3759 791 3829 accipe
800 3759 871 3830 quod
881 3762 950 3832 apud
963 3778 1006 3817 mu

218 3852 338 3922 posuisti.
352 3852 436 3907 ausit.
452 3849 510 3905 Non
525 3850 576 3905 hue
586 3850 632 3905 tibi
646 3849 711 3906 dicit
723 3850 792 3914 Deus
805 3851 826 3905 ⁸.
840 3852 907 3922 ligo,
921 3853 1006 3924 inquit

217 3943 284 4008 tihi,
302 3941 347 4014 qui
368 3952 394 3996 te
410 3940 531 4012 pmbibtti
551 3939 687 4006 letterare,
711 3940 846 3998 letteratus
859 3959 917 3999 sum
938 3954 1004 3999 atu.

219 4035 330 4091 Volebas
338 4036 410 4090 euim
423 4034 515 4089 leuare
527 4047 658 4096 crescere,
670 4043 698 4088 et
708 4032 792 4088 dabas
803 4033 903 4090 bantini
916 4045 944 4090 ut
958 4037 1005 4091 tibl

220 4126 279 4181 ulus
293 4126 432 4186 redderet,
441 4123 548 4195 quando
558 4123 704 4195 accipiebat
717 4124 853 4195 gaudens,
864 4135 892 4181 et
900 4128 1007 4198 quando

219 4215 1005 4287 retldehatpiorsns.llocrulcbtts,etegopruirihehamzdiri

218 4308 300 4370 errim,
315 4307 366 4375 Qui
379 4309 510 4378 paramum
525 4322 598 4361 sauro
619 4323 670 4361 nou
680 4307 750 4363 dedit
763 4309 797 4362 ad
807 4325 909 4364 samum
919 4311 1005 4383 (Psoi.

219 4415 280 4464 atr,
296 4398 336 4470 5).
352 4397 526 4453 Prohilmbam
547 4408 574 4454 te
591 4412 607 4452 a
622 4396 713 4454 leuare
728 4398 829 4469 :jubeo
848 4402 894 4456 tibi
909 4403 1005 4468 letius,

199 4540 200 4544 ,
219 4508 262 4548 me
276 4493 366 4548 leuera
378 4492 399 4545 ἵ.
420 4490 476 4546 lloc
489 4489 536 4546 tibi
554 4491 618 4545 dicit
632 4492 759 4548 Dominus
772 4502 831 4547 tuus
847 4512 854 4548 :
868 4494 953 4552 Pauca
967 4496 1007 4552 ris

217 4583 302 4649 dare,
325 4590 353 4638 et
375 4582 450 4652 plura
464 4582 585 4652 recipere
609 4600 616 4636 z
638 4583 758 4655 relinque
783 4584 936 4655 homiuem,
962 4590 1006 4659 qui

219 4679 329 4751 mangis,
340 4677 445 4748 quaudo
453 4678 546 4748 exigis;
561 4692 604 4734 me
617 4678 715 4748 inueni,
723 4680 768 4751 qui
779 4681 890 4751 gaudeo,
902 4684 1007 4754 quando

220 4771 313 4831 teddo.
329 4771 397 4826 Eece
410 4770 504 4824 adsum
519 4787 527 4824 a
541 4768 588 4834 da,
603 4779 631 4824 et
643 4785 734 4834 sume:
749 4779 869 4841 tempure
881 4774 1007 4829 redditio-

220 4864 261 4921 nis
273 4863 381 4920 nudata
393 4861 448 4914 tihi.
462 4860 495 4914 lit
504 4860 565 4929 quid
576 4859 703 4915 reddam?
717 4861 801 4915 Pauca
811 4860 918 4929 dedisti,
933 4863 1005 4932 phua

221 4971 320 5012 sume:
341 4964 446 5009 terrena
461 4949 574 5017 dedisti,
589 4950 706 5007 t·oelestia
729 4967 805 5008 sume
825 4970 832 5007 :
854 4955 1005 5024 temporalia

249 5155 257 5185 ¹
270 5153 307 5200 sic
316 5151 451 5201 victorinus
461 5155 500 5197 tts.
516 5157 541 5198 ιιι
553 5147 621 5217 mliii,
630 5147 673 5197 red
684 5159 760 5208 serua,
772 5156 795 5199 et
806 5149 866 5200 uerri.

247 5215 366 5262 'stenes
379 5218 406 5260 tt
417 5216 482 5268 tor,
495 5211 573 5260 udat
583 5210 673 5259 notura.
689 5214 773 5260 tatert
786 5213 854 5271 editt,
873 5211 955 5265 ridere
964 5226 1007 5264 ao·

249 5335 305 5383 ³stc
316 5340 368 5382 ttss.
382 5342 408 5382 tt
420 5331 486 5395 editi,
499 5345 529 5382 ue
536 5336 627 5396 percat.

248 5399 338 5453 ⁸ttss.,
360 5393 448 5446 laetere
474 5391 642 5444 emeterius
668 5394 725 5457 quio
753 5401 846 5455 murt,
864 5405 913 5447 ete.

248 5458 259 5489 ⁸
271 5456 402 5505 ulcmrinus
413 5463 463 5517 tts,
474 5462 496 5506 et
505 5467 550 5504 rton
561 5455 656 5520 perdat

248 5518 260 5550 ⁸
272 5517 405 5567 lictoribus
415 5525 467 5576 tls,
479 5525 538 5566 hettt
549 5517 593 5566 boc
604 5515 663 5566 dt'ct't
674 5525 743 5565 reus.

248 5581 257 5610 r
272 5586 296 5628 tu
305 5579 376 5627 elltis
390 5582 504 5627 ontissum
520 5577 687 5637 lammiriaco
703 5578 746 5628 tiit
757 5575 840 5641 hanef
852 5593 889 5631 are
903 5582 1004 5647 [ruem

220 5642 280 5704 qued
292 5640 331 5689 lt'tc
343 5651 374 5689 ex
391 5640 557 5701 manuscriptis
569 5641 711 5689 testinatur.

1053 1639 1122 1685 terra
1145 1630 1172 1686 iu
1193 1632 1307 1696 coelum,
1323 1647 1358 1687 ne
1372 1631 1477 1704 perdas.
1493 1633 1577 1703 Quam
1593 1637 1668 1692 molti
1689 1639 1761 1694 euim
1775 1639 1846 1710 quod

1053 1721 1194 1777 seruabant
1206 1721 1388 1793 perdiderunt,
1399 1733 1426 1780 et
1441 1738 1491 1779 neo
1501 1724 1541 1780 sic
1551 1727 1662 1782 correcti
1676 1727 1702 1782 in
1716 1729 1786 1784 coslo
1799 1744 1847 1799 po·

1053 1828 1117 1867 nere
1130 1811 1289 1868 didicerunt
1304 1811 1332 1868 Si
1348 1813 1415 1870 iurte
1436 1813 1482 1870 tibi
1503 1815 1599 1886 aliquis
1619 1815 1740 1886 diceret,
1763 1817 1845 1890 iligra

1053 1902 1157 1957 diuitias
1171 1911 1229 1957 tuas
1243 1903 1277 1959 ab
1288 1901 1433 1959 Occidente
1448 1904 1475 1959 in
1488 1902 1644 1971 Orientem,
1657 1909 1680 1963 si
1693 1924 1746 1963 non
1761 1910 1802 1964 tis
1816 1919 1845 1966 ιι

1054 2005 1178 2064 perenne,
1199 2003 1340 2061 custumes,
1356 1995 1507 2063 laborares,
1527 2007 1679 2069 satageres,
1693 2001 1845 2058 attenderes

1053 2095 1150 2155 quauta
1162 2093 1252 2142 esseut
1264 2101 1322 2157 quc
1335 2084 1466 2153 haberes,
1480 2087 1585 2145 uideres
1607 2098 1633 2146 te
1652 2092 1845 2163 multiplicitate

1054 2192 1143 2232 rerum
1157 2186 1259 2232 tuarum
1273 2176 1349 2234 lacile
1362 2177 1388 2232 in
1399 2179 1540 2250 longinqua
1553 2182 1669 2252 migrare
1682 2196 1735 2237 uon
1747 2198 1844 2254 posse:

1053 2275 1082 2324 ct
1095 2268 1164 2324 torte
1175 2267 1264 2337 beros,
1275 2271 1336 2341 quia
1349 2270 1388 2326 ire
1397 2272 1551 2343 cogereris,
1565 2282 1593 2327 ct
1612 2273 1746 2345 quomoda
1759 2285 1845 2335 tecuttt

1055 2361 1162 2417 tolleres
1173 2361 1242 2433 quud
1252 2361 1459 2434 collegerasnon
1473 2364 1616 2421 invenires.
1627 2366 1845 2439 trrtuugtaquiora

1055 2463 1081 2510 te
1096 2454 1309 2525 migrarejussit,
1324 2455 1368 2527 qni
1383 2471 1436 2511 nou
1451 2456 1505 2525 ait,
1520 2456 1603 2528 lligra
1616 2457 1649 2513 ab
1661 2459 1807 2515 Occidente
1819 2459 1844 2517 io

1054 2544 1207 2612 Orientetrt;
1220 2546 1285 2615 sed,
1301 2547 1383 2620 iligra
1403 2548 1437 2605 de.
1456 2560 1527 2606 terra
1542 2551 1567 2605 in
1587 2551 1695 2607 coelum.
1715 2549 1843 2621 AEstuas,

1055 2639 1130 2709 quasi
1144 2637 1326 2695 dillieultatem
1337 2639 1467 2710 majorem
1479 2640 1525 2697 tibi
1537 2641 1634 2697 rideris
1649 2643 1701 2713 pmti
1713 2684 1721 2710 ,
1741 2652 1770 2698 ut
1781 2643 1846 2709 dicis

1055 2728 1103 2782 tihi
1119 2745 1126 2784 ι
1141 2727 1169 2784 Si
1184 2743 1238 2783 nun
1250 2727 1416 2785 inveniebam
1425 2729 1546 2798 iumenta
1557 2740 1585 2787 et
1596 2747 1691 2797 rrat'cs,
1707 2733 1804 2802 quibus
1814 2733 1845 2795 ab

1056 2815 1198 2874 Occidente
1209 2817 1351 2889 migrarem
1365 2817 1398 2873 ad
1410 2818 1557 2886 Orientenr;
1568 2822 1701 2892 utromodo
1714 2822 1845 2881 intenitttu

1055 2907 1151 2974 scalas,
1166 2908 1262 2979 quihus
1273 2924 1289 2963 a
1302 2917 1372 2964 terra
1385 2909 1495 2982 migrem
1507 2911 1533 2966 iu
1544 2913 1660 2968 eoelum?
1670 2912 1739 2980 lloli,
1751 2914 1845 2986 inquit,

1057 2997 1102 3053 tibi
1119 2997 1198 3064 heus,
1210 2997 1340 3064 laborare,
1350 2999 1404 3054 ooli
1414 3000 1536 3057 laborare
1551 3003 1613 3074 :qui
1627 3013 1653 3058 te
1665 3003 1775 3060 diuitem
1786 3005 1843 3072 ieci,

1055 3087 1100 3157 qui
1126 3086 1172 3142 tibi
1195 3088 1266 3157 quud
1287 3088 1367 3144 dares
1388 3089 1466 3160 dedi,
1483 3091 1623 3148 laturarios
1647 3094 1693 3148 tihi
1717 3110 1846 3167 pauperes

1056 3176 1118 3233 leci.
1131 3173 1176 3242 st,
1195 3179 1267 3234 ueriti
1281 3180 1383 3251 gratia,
1399 3181 1532 3238 invenires
1550 3184 1664 3254 aliquem
1686 3185 1794 3258 inopem
1812 3187 1846 3247 de

1056 3278 1130 3323 trans
1142 3284 1234 3334 marc,
1249 3278 1296 3324 aut
1308 3287 1361 3342 quo
1374 3270 1412 3327 irc
1424 3274 1522 3340 telles,
1540 3272 1673 3330 iuveuires
1686 3275 1749 3332 iude
1761 3279 1846 3339 cirum

1056 3361 1172 3432 aliquem
1187 3363 1372 3419 rrcoessttatcu
1390 3364 1551 3434 patientem,
1569 3365 1672 3424 diceres
1688 3367 1756 3423 tibi:
1775 3366 1846 3441 Civis

1056 3451 1106 3508 iste
1119 3452 1181 3510 iude
1193 3462 1234 3510 est
1245 3468 1299 3524 quo
1311 3469 1361 3526 ego
1371 3455 1432 3511 rulo
1444 3456 1497 3523 ire,
1507 3467 1568 3528 eget
1583 3456 1643 3521 hic,
1657 3458 1693 3514 do
1707 3458 1745 3514 illi
1756 3458 1849 3531 'quud

1056 3544 1092 3600 ihi
1118 3545 1183 3600 mihi
1211 3545 1313 3602 reddat.
1340 3545 1411 3604 Ecce
1434 3558 1494 3620 eget
1513 3549 1557 3606 hic
1581 3566 1697 3621 pauper,
1718 3551 1786 3608 ciris
1806 3559 1847 3609 est

1056 3638 1131 3706 regni
1147 3637 1275 3694 coelorum
1290 3639 1372 3709 :quid
1390 3639 1495 3696 dubitas
1514 3641 1601 3698 lacere
1616 3642 1805 3714 trajectitium?
1818 3643 1848 3719 Si

1056 3728 1129 3782 enim
1141 3727 1206 3783 daut
1219 3728 1264 3799 qui
1280 3728 1330 3783 hoc
1354 3728 1472 3797 iaciunt,
1491 3740 1519 3785 ut
1536 3732 1610 3801 plura
1623 3733 1773 3802 accipiant,
1786 3750 1846 3792 cttttt

1056 3815 1090 3871 ad
1104 3832 1136 3872 ea
1155 3818 1211 3874 loca
1227 3819 1363 3887 venerim,
1376 3819 1445 3875 undo
1459 3830 1500 3876 est
1513 3820 1558 3876 illc
1570 3822 1614 3892 qui
1628 3824 1750 3894 aceepit:
1767 3825 1848 3881 lacia-

1056 3922 1116 3963 mus
1130 3917 1157 3964 ct
1170 3923 1229 3965 uos.

1093 4023 1206 4080 carot
1227 4024 1294 4079 Vlll.
1308 4055 1342 4066 -
1354 4025 1398 4080 ttt.
1412 4023 1491 4081 Fides
1502 4026 1529 4080 in
1542 4028 1627 4094 corde,
1639 4030 1711 4096 quari
1731 4027 1848 4087 caesar

1057 4113 1084 4167 iu
1109 4114 1166 4168 aori
1189 4114 1333 4182 dormiens,
1353 4116 1497 4170 cacituudo.
1512 4117 1568 4173 linc
1587 4117 1630 4183 lit,
1645 4119 1669 4174 si
1689 4118 1847 4190 credamus,

1058 4205 1080 4259 si
1095 4205 1172 4260 iidem
1183 4205 1339 4261 excitemus.
1365 4205 1431 4261 Nam
1453 4222 1522 4263 vane
1536 4209 1737 4266 conturbamur.
1759 4210 1848 4280 Qrtam

1058 4310 1126 4351 rane
1135 4296 1341 4373 conturbamur?
1354 4298 1420 4364 Quia
1434 4297 1582 4355 dormiente
1606 4298 1750 4355 Christum
1768 4303 1847 4370 uari,

1060 4402 1128 4456 prone
1146 4385 1368 4457 uatrlragavemut
1380 4388 1513 4459 discipuli.
1537 4389 1689 4445 Dormiebat
1709 4390 1807 4458 iesus,
1821 4402 1848 4451 et

1060 4477 1232 4532 turbabantur
1243 4477 1375 4548 discipuli.
1393 4478 1469 4533 l'enti
1486 4477 1647 4545 sariebant,
1663 4479 1847 4540 tuctmerct·

1060 4569 1191 4633 tabantur,
1206 4569 1279 4623 uaris
1294 4569 1461 4640 mergebatur
1473 4570 1577 4640 (llotth.
1594 4588 1648 4639 rm,
1659 4573 1695 4627 25
1707 4573 1768 4644 st).
1779 4573 1848 4642 Qus·

1060 4661 1181 4730 relQuia
1192 4661 1268 4717 iesus
1282 4661 1439 4717 dnrrniebat.
1452 4662 1496 4718 Sic
1511 4674 1538 4717 et
1557 4671 1595 4726 tu,
1615 4663 1721 4732 qtmndu
1743 4673 1846 4735 teutpe-

1059 4760 1143 4805 states
1156 4751 1330 4806 tenurtiunum
1355 4752 1470 4806 saeuiunt
1491 4751 1518 4804 in
1539 4753 1589 4805 isto
1604 4751 1712 4815 sucula,
1726 4753 1845 4809 turbatur

1059 4850 1209 4906 cortuum,
1232 4853 1356 4912 tanquam
1371 4843 1445 4896 uraris
1461 4851 1519 4896 tua,
1529 4842 1626 4908 Quare,
1643 4843 1692 4896 nisi
1707 4845 1770 4914 quia
1783 4844 1844 4899 titir-

1058 4931 1106 4985 urit
1119 4930 1183 4986 lldes
1195 4933 1256 4985 tua?
1270 4932 1314 4988 Sic
1326 4933 1396 4987 euim
1419 4932 1515 4987 Paulus
1526 4935 1661 5002 apostolus
1683 4934 1760 5001 dicit,
1785 4933 1845 5004 quia

1059 5022 1158 5076 inabitat
1169 5021 1290 5077 Christus
1304 5038 1351 5092 per
1365 5024 1443 5079 stdem
1457 5024 1483 5078 in
1495 5022 1618 5078 cordibus
1629 5026 1727 5079 auaris
1738 5025 1843 5098 (epae.

1058 5128 1097 5179 m,
1111 5111 1165 5184 li).
1180 5113 1272 5167 Eccita
1286 5129 1350 5185 ergo
1369 5113 1506 5168 Christum
1526 5114 1552 5168 in
1567 5116 1647 5170 corde
1671 5127 1733 5178 trra,
1757 5116 1842 5188 uigilet

1057 5208 1123 5262 tides
1145 5216 1200 5272 tua,
1223 5206 1410 5277 tranquilletur
1428 5205 1590 5262 conscientia
1607 5215 1659 5272 tua,
1673 5218 1701 5262 et
1719 5209 1842 5264 liberatur

1057 5298 1132 5352 nauis
1145 5306 1200 5351 tua.
1214 5295 1305 5360 Senti,
1332 5297 1456 5365 quoniam
1478 5296 1523 5366 qui
1547 5299 1669 5366 promisit
1690 5315 1768 5355 rerax
1792 5309 1841 5355 est·

1056 5386 1177 5442 Nrroduut
1194 5385 1325 5446 ostendit;
1337 5385 1397 5455 quia
1414 5385 1530 5452 uetulum
1539 5396 1580 5441 est
1594 5398 1699 5458 tempus
1714 5399 1840 5445 utosten·

1088 5518 1096 5550 ¹
1107 5517 1171 5592 sputi
1186 5524 1224 5567 Er.
1237 5516 1310 5580 tugtl.
1322 5523 1382 5565 veo.
1394 5524 1420 5567 et
1428 5523 1493 5575 tou,
1506 5531 1592 5581 erpone
1603 5521 1666 5584 quod
1678 5521 1785 5577 dedens.
1814 5529 1840 5576 ἱ

1087 5582 1143 5628 ¹stc
1152 5587 1202 5629 ttss.
1215 5579 1272 5628 Fdlti
1285 5591 1353 5635 vcro,
1363 5584 1388 5626 ut
1400 5579 1442 5627 des
1454 5581 1537 5639 unuh.

1089 5641 1099 5673 ¹
1110 5642 1241 5691 lictoribus
1253 5646 1304 5701 its,
1312 5653 1355 5704 epo
1366 5641 1397 5689 do
1409 5639 1453 5689 itti.
