3728 6276
210 232 278 290 itti
778 175 787 295 ‚y
818 224 847 283 S.
863 217 1045 280 Adoustmt
1064 219 1215 285 lillscdl’l
1765 252 1827 313 pru

209 368 375 410 strnrmorum
388 353 396 384 ¹
410 344 624 423 :quantomagis
638 347 685 414 ibi,
696 348 739 402 ubi
754 347 805 404 crit
818 345 900 402 libido
911 343 995 412 uuila,
1051 345 1122 415 quod
1134 362 1149 402 a
1161 362 1334 411 murrnmento
1347 366 1478 416 remotum
1499 360 1612 434 lapidem
1626 365 1709 432 vidit,
1723 374 1826 429 ereum

210 445 280 501 trulla
294 443 439 513 corruptio,
452 441 523 496 rndla
535 439 664 498 desomnis
675 438 802 511 prauitas,
814 435 886 493 nulla
900 449 997 491 ceruor-
1050 437 1166 495 abutum
1186 442 1248 500 inde
1274 459 1371 518 eorpus
1390 450 1461 520 quod
1474 455 1628 522 ᾳιιιειειιει,
1648 461 1779 518 nuntiarit
1789 461 1825 520 dt·

210 549 274 590 irrisa
288 533 444 599 necessitas,
464 531 512 587 sed
533 530 700 586 interminata
722 528 866 593 cernitar,
887 525 996 597 pulchra
1049 528 1158 599 scipulis
1178 535 1399 595 remdoleudam.
1422 538 1603 602 cucurrerant
1624 548 1698 618 duo,
1724 567 1826 625 mem

209 627 316 692 ceritas,
330 640 433 681 summu
446 622 575 680 felicitasi
1051 633 1120 675 unus
1132 633 1190 678 erat
1202 625 1314 698 Petrus,
1327 630 1395 688 alius
1409 631 1535 691 ioannes.
1546 635 1607 703 ipsc
1618 648 1662 696 est
1672 641 1745 698 euim
1755 658 1825 717 qm

244 717 356 776 CAPUT
375 718 484 775 tlt-8.
495 717 632 773 Brutorum
643 717 709 771 oeric
721 731 837 787 qaorum
853 716 910 771 erit.
926 715 996 781 Quc-
1050 708 1177 781 diligebat
1188 714 1283 786 lesus,
1305 720 1396 791 utique
1416 736 1472 794 prae
1490 728 1614 783 ceteris:
1628 744 1691 787 nam
1703 745 1826 792 omma

207 810 349 881 draqedmo
372 819 430 864 ome
449 809 551 864 Possim
563 816 587 864 et
599 808 780 880 mirmopinru
799 806 853 863 dier
867 815 923 878 porr
938 805 995 861 Po·
1048 800 1178 861 Dominus
1190 806 1326 879 ditigebat.
1348 810 1547 884 cucurrerunt,
1562 827 1593 873 ut
1610 820 1735 878 riderent
1747 833 1824 883 m

207 901 278 955 mdo.
293 901 413 958 Alleluia.
429 900 463 956 lrr
476 901 563 970 sutoro
578 901 629 956 cito
646 900 702 954 ιιει
715 898 764 954 Dei
776 900 831 954 siae
843 900 994 962 remotiore,
1048 907 1140 950 rerum
1159 897 1261 956 diceret
1276 903 1388 971 mulier,
1401 905 1531 963 muscum
1545 925 1606 967 esse
1619 926 1720 986 corpus
1730 914 1764 970 de
1774 930 1824 971 m.

206 992 260 1045 aiae
273 991 387 1063 fastidio.
399 991 451 1047 Sed
464 991 531 1046 dieis
545 989 609 1045 mibi
621 1008 628 1044 :
639 988 708 1058 Quid
721 999 828 1045 acturus
840 988 918 1044 sum?
931 1000 995 1043 usus
1047 998 1184 1045 numenio.
1208 992 1362 1063 Venerunt,
1384 998 1571 1070 armademnt,
1597 1018 1653 1060 non
1675 1005 1823 1065 mreuamr

208 1081 387 1136 membrorum
410 1081 445 1136 ibi
467 1097 520 1136 non
540 1082 601 1145 erit,
620 1079 684 1151 quid
702 1087 810 1135 acturus
826 1078 904 1134 sumt
916 1077 994 1133 liulla
1046 1091 1159 1149 corpus,
1172 1091 1200 1137 et
1211 1085 1391 1143 crediderunt.
1405 1089 1459 1146 Sed
1471 1092 1533 1163 quid
1551 1093 1745 1154 crediderunt?
1757 1100 1823 1168 Quod

207 1174 277 1230 aetio
290 1173 335 1229 tibi
351 1173 453 1229 videtur
465 1182 546 1240 stare,
560 1170 661 1240 ridere,
674 1186 774 1238 amare,
789 1169 994 1227 laudarellicce
1046 1168 1156 1228 credere
1179 1187 1231 1226 nort
1255 1173 1414 1234 debuerunt.
1434 1180 1544 1249 mando
1564 1199 1629 1254 erga
1651 1187 1822 1256 audmts,2r

206 1267 265 1325 dies
275 1268 316 1324 isti
329 1268 425 1335 saneti,
439 1267 484 1338 qui
499 1274 558 1338 post
572 1265 794 1322 resurrectionem
805 1264 910 1320 Domini
924 1263 994 1319 eele-
1046 1258 1215 1329 credideram,
1229 1261 1299 1322 lorte
1308 1271 1474 1338 putastiseos
1483 1274 1630 1333 credidisse
1642 1278 1824 1350 qucum

206 1361 326 1428 brantur,
339 1359 487 1431 signilieant
507 1357 622 1415 suturam
640 1358 721 1413 vitam
741 1365 800 1428 post
817 1356 993 1412 resurrectio·
1045 1348 1212 1423 debuerunt,
1233 1357 1283 1413 boe
1296 1369 1352 1425 est,
1368 1364 1547 1422 resurrexisse
1566 1368 1708 1427 Dominum
1728 1388 1822 1430 amar·

206 1466 268 1507 nem
291 1462 419 1506 nostram.
432 1450 508 1507 Sicut
528 1449 598 1505 enim
620 1448 833 1520 Quadmgesimae
854 1447 911 1503 dies
930 1456 993 1504 ante
1045 1441 1107 1496 tuis.
1121 1442 1179 1499 lion
1195 1445 1245 1502 boc
1256 1448 1823 1527 crediderantmedquodnundareraru-

206 1539 991 1616 Paschasignificaveruntlaboriosamuitaminiracccrumoa
1045 1532 1103 1589 lier.
1117 1534 1237 1608 mulque
1259 1550 1287 1596 ut
1308 1542 1398 1600 sciatis
1420 1544 1473 1603 boo
1482 1561 1530 1604 cos
1541 1551 1708 1623 credidisse,
1722 1554 1826 1627 abja

206 1636 311 1692 mortali
325 1653 332 1690 :
346 1635 385 1691 sic
403 1635 446 1691 isti
458 1634 517 1691 dies
529 1635 582 1690 lacti
601 1632 750 1704 sigtriiicunt
769 1631 884 1686 iuturam
900 1632 990 1699 vitam,

204 1729 250 1785 ubi
267 1729 367 1785 erimus
378 1743 439 1784 eum
456 1727 568 1782 Domirm
586 1725 732 1798 regnaturi.
743 1725 802 1780 Vita
817 1739 877 1795 quae
890 1723 991 1795 signid-

204 1827 281 1873 catur
301 1816 507 1888 Quadragesima
533 1825 594 1873 anto
616 1815 733 1882 Paseba,
753 1814 833 1871 modo
857 1814 989 1871 babetur:

206 1909 258 1962 uita
283 1924 342 1979 qum
362 1907 524 1979 stgntttcatur
549 1907 737 1979 quinquaginta
756 1905 851 1963 diebus
869 1914 929 1976 post
946 1921 991 1961 re·

204 2000 395 2055 surrectionem
413 1998 528 2066 Domini,
546 2013 598 2054 non
619 1997 741 2063 babetur,
755 1997 802 2053 sed
819 2007 951 2068 speratur,
965 2004 992 2052 et

204 2090 337 2161 sperando
349 2098 467 2155 amatum
479 2100 506 2146 et
518 2090 612 2160 inipso
624 2105 716 2145 amore
732 2090 802 2146 Deus
813 2091 857 2160 qni
871 2089 992 2161 promisit

205 2181 265 2249 ista,
279 2181 411 2246 laudetur,
425 2191 452 2236 et
466 2181 530 2252 ipsae
545 2181 637 2237 laudes
653 2180 765 2237 Alleluia
785 2192 857 2237 sunt.
868 2183 935 2250 Quid
950 2192 991 2238 cst

205 2273 276 2328 enim
289 2270 420 2328 Alleluia?
433 2270 549 2327 Verbum
561 2281 603 2327 est
616 2271 767 2337 hebraeum,
781 2271 905 2339 Alleluia,
922 2272 991 2328 lau-

203 2361 265 2418 date
278 2361 369 2416 Deum.
384 2362 480 2427 Allelu,
492 2361 624 2428 laudate;
638 2363 675 2428 la,
687 2364 770 2419 Deum
782 2381 789 2417 ε
801 2364 913 2419 Alleluia
924 2378 990 2435 crgo

205 2458 310 2513 laudate
319 2458 403 2514 Deum
418 2472 555 2525 sonamus,
569 2466 596 2513 et
610 2457 722 2514 invicem
735 2472 785 2514 nos
797 2459 943 2514 excitamus
956 2458 990 2513 ad

204 2547 364 2604 laudandum
374 2547 457 2605 Deum
471 2547 666 2605 :concordibus
674 2547 901 2604 eordibusmelius
911 2563 990 2620 quam

203 2642 313 2698 citharae
325 2641 443 2710 chordis,
458 2642 570 2699 dicimus
584 2643 675 2700 laudes
690 2645 753 2710 Deo,
767 2653 904 2701 cantamus
918 2645 990 2701 Alle-

204 2737 266 2792 luia.
278 2736 312 2791 Et
325 2751 386 2791 eum
400 2736 610 2804 cantaverimus,
626 2744 734 2808 propter
752 2737 932 2794 infirmitatem
945 2752 989 2793 re·

202 2827 332 2893 ccdimus,
342 2835 488 2898 uteorpora
508 2826 668 2884 reliciamus.
679 2828 767 2897 Quare
781 2827 923 2897 reficimus,
939 2828 990 2884 uisi

202 2918 264 2990 quia
286 2917 442 2974 dedetmusr
455 2918 556 2974 Deinde
577 2926 648 2973 tanta
670 2926 711 2974 cst
731 2918 870 2974 infirmitas
889 2919 987 2988 curnis,

166 3034 170 3043 ·
203 3017 275 3064 tanta
288 3008 366 3078 hujus
380 3008 440 3063 vitae
455 3008 587 3075 molestia,
601 3018 631 3064 ιιι
643 3007 769 3081 qualibet
782 3023 876 3080 magna
890 3023 934 3064 res
946 3023 990 3064 ve·

203 3101 258 3156 niat
277 3101 303 3156 in
325 3101 468 3156 fastidiunt.
480 3100 619 3170 Quomodo
632 3101 839 3158 desideravimus
852 3101 918 3157 istos
930 3100 989 3159 dies

201 3191 236 3248 ad
258 3207 357 3248 annum
376 3203 517 3260 uenturos,
536 3209 595 3250 curn
619 3194 697 3251 modo
717 3195 836 3261 abirent;
850 3203 877 3251 et
890 3205 989 3266 quanta

201 3284 327 3342 ariditate
342 3284 375 3340 ad
390 3286 450 3342 ilios
467 3287 589 3343 uenimus
603 3303 650 3358 per
663 3289 790 3359 temporis
803 3289 990 3346 intervallum!

200 3375 228 3432 st
241 3375 374 3433 diceretur
384 3377 470 3437 nobis.
483 3377 547 3436 Sine
561 3379 708 3434 cessatione
718 3378 797 3435 dieite
807 3380 929 3447 Alleluia,
940 3397 988 3438 ex·

201 3485 362 3526 cusaremus.
377 3469 466 3539 Quare
478 3471 683 3526 excusaremus?
696 3471 762 3539 Quia
782 3472 844 3528 lassi
859 3490 910 3530 non
925 3486 992 3547 pos-¹

200 3574 302 3625 somus,
313 3559 374 3631 quia
387 3569 414 3616 et
428 3560 460 3614 ad
475 3561 560 3630 ipsum
574 3560 670 3615 bonum
686 3559 791 3616 fastidio
805 3561 985 3633 fatigaremur.

200 3648 239 3706 lbi
252 3650 341 3707 nullus
355 3649 484 3715 deiectus,
502 3651 573 3707 nulla
588 3650 701 3706 fastidia.
716 3650 800 3718 State,
814 3652 928 3721 landate,
944 3657 988 3727 poi

199 3743 272 3798 stotir
285 3742 312 3795 irs
323 3741 398 3796 domo
409 3739 522 3807 Domini,
531 3742 557 3795 ia
571 3741 642 3797 ctriir
652 3742 743 3797 dorios
750 3742 798 3798 Dei
811 3746 888 3799 couri
900 3744 985 3815 (Psoi.

199 3849 309 3898 cxsxru,
324 3834 369 3905 l).
384 3833 451 3901 Quid
466 3835 573 3904 queris,
584 3833 646 3903 quid
662 3834 697 3889 ibi
711 3835 827 3891 tacturus
840 3838 894 3893 sisi
904 3837 985 3906 Demi,

199 3925 246 3992 ait,
261 3926 305 3995 qui
318 3925 431 3980 boiitorrt
447 3926 473 3978 in
493 3930 568 3981 darno
587 3937 639 3993 tuo,
655 3924 780 3993 Dorrine;
793 3929 821 3983 r'rt
833 3929 926 3984 soecolo
939 3945 989 3985 ιιι-

199 4015 315 4073 reiorum
329 4016 466 4070 tardarant
481 4027 505 4070 re
517 4015 601 4087 (Psoi.
616 4032 724 4084 cxxxiii,
737 4019 777 4090 5).

420 4147 534 4203 solido
551 4145 674 4204 ocxttv
693 4153 702 4172 ·
723 4149 772 4222 (a).

420 4268 446 4313 tn
456 4261 544 4313 diebus
553 4260 712 4322 memmium,
726 4275 765 4312 su.

235 4361 276 4418 Dc
295 4362 382 4416 eodem
401 4362 505 4417 lectione
524 4361 654 4434 Eooapedi
671 4361 801 4432 Jomrais,
820 4381 868 4436 cup
888 4382 923 4422 ιιι
942 4408 950 4433 ,

498 4454 689 4527 i-l·18(bl.

239 4565 266 4620 l.
287 4563 502 4618 Resomeetiorrcm
516 4563 610 4619 Christi
622 4581 668 4620 nec
690 4563 984 4637 deprecandorum,

198 4670 244 4709 aer
268 4654 390 4722 Apostoli.
419 4652 497 4709 Fides
520 4653 592 4711 Petri
619 4672 694 4728 porro
717 4655 826 4713 Domino
856 4658 984 4731 obsorptus.

199 4747 240 4803 lix
260 4747 404 4818 Evangelio
427 4746 572 4804 secundum
597 4748 726 4806 ioannem
747 4752 907 4808 resurrectio
930 4753 985 4809 Do·

200 4840 264 4895 mini
275 4840 355 4911 coepit
370 4837 449 4895 bodie
461 4839 576 4895 recitari·
590 4840 766 4911 Audivimus,
780 4851 808 4899 et
819 4841 880 4898 lidei
902 4845 986 4900 oculis

198 4930 314 4986 vidimus
335 4945 397 5000 erga
424 4929 564 4985 Dominum
587 4928 677 4987 lesum
700 4931 752 5003 piac
775 4931 894 4990 mulieris
919 4932 985 4991 aile-

199 5032 286 5079 etum.
314 5022 454 5092 Quareuat
473 5022 580 5090 iesum,
611 5023 660 5080 sed
692 5032 780 5082 umen
810 5026 897 5083 adbuc
927 5037 986 5086 tan-

1044 1637 1106 1679 mox
1128 1624 1312 1700 Evangelista,
1334 1641 1362 1689 et
1381 1635 1419 1690 ait
1442 1653 1452 1692 s
1480 1636 1603 1696 Necdum
1624 1642 1695 1699 eodm
1714 1656 1825 1702 ιιιειιιιι

1045 1712 1205 1787 Scriptores,
1228 1724 1288 1794 quio
1306 1725 1436 1796 oportebat
1457 1746 1514 1785 eom
1532 1748 1549 1786 u
1566 1737 1676 1791 murtetis
1693 1753 1823 1810 murm

1046 1803 1095 1861 Ubi
1116 1817 1159 1864 est
1172 1809 1256 1868 tides?
1269 1813 1315 1870 nbi
1334 1824 1376 1873 est
1389 1818 1752 1883 totiesreritasooatestatai
1763 1828 1825 1886 lior·

1043 1911 1079 1952 ne
1091 1897 1131 1955 eis
1153 1899 1210 1970 ipse
1226 1902 1354 1962 Dominus
1365 1906 1443 1965 lesus
1455 1918 1517 1967 ante
1526 1915 1679 1982 passionem
1693 1917 1825 1988 aliquoties

1043 1985 1111 2043 dixit
1139 1991 1295 2049 tradendum
1310 2011 1339 2051 se
1360 2013 1436 2064 csse,
1459 2001 1651 2071 occidendum,
1671 2016 1700 2063 et
1713 2021 1823 2064 resurre-

1043 2079 1165 2133 cturumi
1178 2081 1346 2153 Loquebatur
1357 2088 1444 2146 adbuc
1463 2093 1559 2148 surdis.
1572 2093 1633 2150 lant
1647 2096 1777 2156 Petrusci
1788 2100 1822 2155 dt·

1043 2178 1137 2238 xerat,
1154 2190 1164 2224 r
1183 2171 1222 2229 Tu
1232 2189 1262 2230 es
1276 2175 1395 2233 Christus
1408 2179 1492 2238 Filius
1505 2182 1551 2238 Dei
1562 2185 1625 2240 riri.
1643 2186 1726 2244 stam
1740 2190 1822 2247 audie·

1043 2268 1098 2326 rat,
1117 2278 1127 2312 ι
1146 2261 1243 2319 Beatus
1255 2280 1300 2335 es,
1313 2265 1405 2325 Simon
1419 2270 1567 2342 Bar-luna,
1583 2276 1712 2347 quianon
1727 2279 1773 2337 tibi
1784 2295 1820 2337 ro

1042 2351 1141 2408 velarit
1152 2368 1215 2411 earo
1233 2365 1261 2413 et
1274 2361 1397 2431 maguis,
1417 2363 1464 2418 sed
1475 2365 1553 2421 Pater
1565 2382 1642 2424 meus
1652 2371 1697 2440 qui
1716 2372 1744 2426 iu
1755 2373 1820 2430 euti

1042 2450 1093 2495 est.
1117 2440 1151 2498 iit
1177 2458 1227 2515 ego
1248 2445 1309 2503 dico
1319 2449 1382 2518 tibi,
1408 2452 1470 2523 qum
1495 2462 1524 2509 tu
1538 2471 1568 2512 es
1578 2457 1691 2528 Petrus,
1704 2470 1733 2517 ct
1750 2475 1821 2533 super

1043 2530 1112 2589 bane
1130 2543 1233 2605 petram
1251 2538 1389 2598 aediticabo
1413 2542 1563 2601 Ecclesiam
1587 2563 1693 2618 meam,
1707 2561 1819 2623 etporte

1041 2621 1187 2681 interorum
1210 2643 1264 2684 non
1287 2630 1393 2687 ritreent
1406 2649 1477 2691 eum.
1495 2655 1505 2690 ι
1523 2637 1628 2708 (llmri.
1642 2656 1707 2709 xri,
1728 2642 1816 2713 tots).
1860 2672 1862 2689 ι

1042 2711 1190 2791 Talislldes
1214 2718 1325 2776 Domino
1347 2725 1475 2781 crucifixo
1495 2727 1620 2799 absorpta
1643 2740 1695 2788 est.
1719 2732 1819 2789 Tamdiu

1041 2805 1112 2860 enim
1126 2805 1220 2864 Petrus
1244 2810 1340 2868 Filium
1354 2814 1400 2870 Dei
1423 2816 1555 2887 credidit,
1576 2820 1664 2878 donec
1681 2823 1779 2881 rideret
1795 2825 1817 2881 itt

1040 2893 1113 2966 ligno
1131 2898 1306 2968 pendentem,
1319 2902 1405 2961 donec
1427 2907 1620 2968 rideretclaris
1637 2911 1763 2983 allisum,
1774 2914 1814 2969 do·

1041 2999 1091 3042 nce
1104 2987 1207 3046 rideret
1223 3003 1373 3063 mortuum,
1386 2996 1472 3055 donec
1482 2999 1584 3058 rideret
1596 3006 1739 3074 sepultum.
1752 3004 1814 3063 lunc

1040 3079 1154 3151 perdidit
1168 3085 1238 3155 quod
1253 3089 1367 3145 tenebat.
1380 3090 1429 3148 libi
1440 3095 1534 3162 petra?
1546 3096 1590 3151 ubi
1602 3097 1714 3156 firmitas
1726 3099 1815 3170 putrui

1040 3172 1119 3230 Petra
1131 3187 1189 3232 erat
1211 3178 1267 3249 ipse
1288 3180 1425 3248 cbristus,
1441 3185 1485 3242 ille
1498 3196 1587 3244 autem
1601 3205 1616 3245 a
1631 3199 1706 3261 petra
1721 3191 1814 3250 Petrus.

1041 3263 1103 3319 ldeo
1112 3278 1265 3324 surrexerat
1275 3282 1359 3340 petra,
1374 3287 1403 3329 ut
1416 3275 1534 3334 drmaret
1548 3278 1657 3338 Petrum
1672 3300 1681 3338 s
1695 3298 1754 3340 ntur
1764 3299 1814 3356 pac·

1039 3353 1107 3410 ierat
1119 3356 1227 3425 Petrus,
1238 3361 1289 3417 nisi
1299 3364 1398 3421 vireret
1411 3376 1495 3437 petra.

1074 3445 1101 3499 2.
1124 3447 1239 3506 Gloriatur
1259 3458 1401 3522 occurritur
1422 3476 1439 3513 o
1458 3459 1622 3533 depromo.
1642 3466 1816 3539 Difflcsitarla

1039 3540 1119 3594 cerdis
1129 3541 1232 3598 Domini
1243 3547 1277 3600 od
1290 3546 1480 3619 Mopdoiermm.
1494 3555 1590 3612 Postea
1602 3567 1709 3630 umen,
1722 3560 1817 3633 qtnndo

1040 3629 1169 3689 Dominus
1194 3636 1262 3693 dixit
1286 3639 1406 3710 mulieri,
1430 3642 1534 3713 llario,
1566 3662 1699 3708 conuersa
1720 3654 1816 3725 aptarit

1038 3738 1115 3792 eum,
1131 3737 1159 3783 et
1179 3731 1320 3798 appellarit
1332 3734 1502 3804 magistrum,
1523 3735 1649 3796 norom
1663 3741 1817 3801 standena

1039 3822 1081 3870 est
1101 3815 1163 3872 buie
1178 3821 1283 3877 mulieri
1301 3825 1464 3882 resurreetio
1482 3829 1601 3888 Domini.
1619 3834 1690 3900 Quid
1706 3837 1819 3908 sibim

1038 3906 1112 3975 vult,
1125 3908 1188 3964 Noli
1201 3925 1240 3966 ate
1261 3917 1503 3985 incommomodum
1521 3922 1590 3977 mim
1613 3927 1816 3985 merdicdl’r-

1039 4006 1101 4052 trem
1113 4003 1217 4056 meum?
1238 4003 1356 4071 Quaestio
1369 4008 1497 4066 mirabilis
1515 4013 1607 4072 multis
1619 4019 1719 4077 modis.
1739 4020 1819 4078 Primo

1039 4090 1099 4158 quia
1118 4092 1201 4147 vetuit
1221 4109 1251 4150 se
1264 4096 1353 4166 tangi,
1367 4100 1442 4169 quasi
1460 4102 1529 4159 mdc
1547 4116 1640 4176 posset
1662 4113 1808 4184 targiatur
1860 4154 1862 4161 ι

1038 4191 1127 4253 pente.
1144 4185 1243 4242 Deinde
1257 4190 1317 4259 quia
1334 4192 1464 4250 rationem
1483 4197 1600 4261 reddero
1613 4217 1700 4272 quare
1717 4204 1817 4278 seueri

1039 4273 1156 4330 uoluerit
1172 4284 1200 4331 ct
1221 4279 1401 4352 prohibuerit,
1426 4285 1477 4355 ait,
1505 4287 1629 4348 Nondum
1647 4295 1717 4352 adm
1729 4297 1820 4354 madi

1038 4362 1073 4416 od
1087 4361 1189 4420 Putrem
1212 4384 1293 4423 mcum
1305 4386 1315 4425 :
1327 4374 1402 4441 quasi
1421 4376 1539 4447 diceret,
1553 4380 1628 4439 Tunc
1653 4401 1700 4444 me
1720 4397 1817 4461 ιειιιιι,

1038 4466 1098 4507 eum
1112 4455 1257 4512 ascendero
1276 4460 1309 4515 ad
1324 4461 1430 4520 Patrem
1452 4483 1550 4526 meum.
1572 4471 1604 4528 ln
1623 4483 1697 4534 terra
1716 4481 1819 4551 positu

1040 4551 1148 4615 tangere
1175 4546 1380 4619 prohibebatur,
1402 4566 1430 4611 et
1455 4573 1516 4615 oum
1540 4569 1652 4634 tangere
1677 4569 1818 4638 ροιεηιιιι

1039 4636 1108 4690 eoeio
1121 4637 1278 4697 sedentemi
1303 4643 1428 4702 Dixeram
1449 4650 1519 4706 enim
1531 4692 1538 4714 ‚
1550 4653 1619 4721 Quid
1643 4669 1703 4725 est,
1717 4660 1818 4718 mesu

1038 4743 1158 4807 turpem
1170 4738 1282 4794 aradum
1295 4743 1361 4797 erim
1373 4747 1478 4800 mendi
1485 4748 1520 4803 od
1535 4747 1640 4808 Putrem
1652 4759 1755 4815 mrum?
1764 4757 1817 4814 mu
1860 4758 1862 4789 ³

1038 4825 1108 4883 addo
1123 4846 1130 4882 :
1146 4829 1258 4898 Quando
1279 4836 1442 4906 resurrexit,
1457 4839 1526 4897 sicut
1539 4852 1566 4898 ct
1576 4844 1635 4916 ipse
1643 4846 1728 4919 dicit,
1740 4862 1764 4908 ct
1777 4849 1814 4904 alii

1038 4917 1229 4991 Evangelistae,
1261 4933 1289 4981 et
1317 4927 1464 4986 audirimus
1493 4931 1565 5002 jam,
1606 4951 1670 4996 cum
1701 4941 1815 5000 loctiottot

1039 5021 1138 5068 saneta
1157 5014 1324 5085 legerentur,
1346 5023 1469 5091 apparuit
1481 5024 1620 5098 discipulis
1638 5033 1714 5103 suis;
1727 5044 1814 5092 dm
1861 5088 1862 5098 ,

198 5131 278 5187 quam
291 5128 392 5185 eorpus
412 5115 563 5184 requirebat
581 5114 696 5172 bominis
720 5118 833 5184 mortui,
853 5118 986 5192 etdiligc-
1038 5105 1160 5176 8ιῑῑῑωιῦ
1190 5123 1251 5165 0⁰¹⁰
1275 5119 1411 5182 lumini,
1444 5116 1484 5173 ²¹5⁸
1510 5117 1599 5177 fllsst
1631 5125 1703 5193 Μ
1736 5125 1811 5185 tuitii
1859 5158 1862 5193 t

199 5205 246 5261 bat
259 5214 348 5262 mmen
359 5216 484 5276 tanquam
498 5206 652 5276 magistrum
665 5207 773 5263 bonum.
788 5207 847 5265 Non
857 5209 985 5282 intellige·
1038 5197 1116 5263 ²⁸D⁸=
1138 5206 1162 5252 ‘¹
1179 5215 1257 5270 Μ’
1275 5203 1437 5272 ‘mmm
1449 5211 1588 5266 wordum
1598 5215 1626 5270 ιἰι
1635 5232 1683 5272 ror
1700 5216 1809 5276 m!

200 5297 248 5352 bat
267 5312 329 5354 eum
351 5297 693 5366 resurrexisseamortuis,
718 5315 772 5357 non
795 5301 936 5370 credeban
958 5312 987 5360 et
1043 5285 1231 5344 Vidmmss'm‘
1244 5308 1312 5347 Μ’
1325 5303 1349 5348 0¹
1368 5296 1445 5367 pede,
1466 5315 1543 5357 meos.
1566 5301 1696 5378 Potpotc,
1713 5310 1808 5368 adim
1856 5338 1862 5382 t

1038 5378 1514 5460 (Luc.xxrr,37·39).Numquid1'am
1521 5397 1806 5461 aseendenttttmdu

231 5477 239 5510 ¹
252 5478 289 5528 stc
297 5475 389 5542 ιιιιιιιοι
398 5478 492 5529 ιιείιι
502 5477 570 5537 editi,
579 5475 631 5531 loeo
640 5485 742 5541 creator,
754 5479 845 5532 liabent
863 5478 984 5534 tmdmur.
1039 5473 1197 5531 ascenderat
1208 5476 1241 5532 ad
1254 5477 1360 5535 Patrem
1372 5495 1464 5547 suum,
1478 5493 1507 5540 et
1524 5484 1593 5545 dixit
1602 5490 1742 5567 discipulis
1751 5494 1804 5554 rai,
1854 5513 1862 5571 p

230 5537 388 5590 milacem
402 5540 427 5589 a.
447 5552 468 5588 r.
483 5549 502 5590 ι.
515 5553 538 5589 v·
556 5541 696 5594 ostom-
1038 5565 1167 5636 carpo,
1194 5576 1218 5622 a
1243 5568 1333 5625 orae.
1348 5570 1399 5628 uer
1420 5583 1477 5644 ee,
1492 5575 1557 5633 rrae
1576 5598 1619 5638 sae
1641 5567 1758 5661 maed
1771 5584 1805 5643 ue

230 5599 346 5726 iugibus,
359 5601 617 5674 exsutuondianlsll.
1159 5659 1165 5670 ,
1205 5659 1211 5670 ,
1270 5660 1276 5674 ,
1544 5670 1551 5682 ,
1858 5655 1861 5683 1

242 5660 257 5711 p
277 5660 573 5727 mummium,
586 5676 611 5712 η,
1042 5657 1111 5714 iorte
1132 5659 1227 5731 aliquis
1250 5660 1369 5718 dicturus
1394 5673 1434 5721 est
1447 5684 1454 5723 ε
1469 5666 1552 5742 Tangi
1575 5687 1592 5729 a
1613 5676 1679 5736 riuis
1691 5678 1803 5745 roma
