3728 6276
142 197 193 257 ,ῃ
757 188 785 242 s.
806 183 987 242 tueusnur
1006 186 1156 248 autscorr

143 310 243 369 Clrtisti
255 317 297 364 est
310 307 344 364 de
354 306 403 362 luae
415 321 445 361 re
458 303 590 375 proposita
602 299 839 373 congruentissima
851 298 926 354 simi·

140 391 927 467 litutlu:Qaiaudit,inquit,variamenirtec,etsaeitea,siuti·

142 493 200 546 fabo
214 507 269 546 sans
283 506 335 544 utra
349 487 465 558 prudenti
477 487 520 559 qai
531 485 641 554 aedificat
651 484 754 538 domum
766 499 839 538 suant
851 499 926 552 super

138 593 246 654 petram.
262 580 393 636 Descendit
408 579 503 650 pluuia,
523 587 641 632 evenerum
667 577 782 646 fiumina,
803 576 926 646 fleuerunt

137 674 214 738 uenti,
229 681 252 726 ct
273 672 428 740 irupcperttnt
441 671 468 723 in
489 668 590 722 dantum
615 667 695 729 iliam,
717 677 741 721 et
764 665 923 721 noncecidit.

138 765 226 833 Quare
239 778 291 818 nou
306 761 421 819 cecidit‘l
434 760 554 815 Fundutn
570 762 636 814 enim
646 771 699 815 erat
720 777 797 830 aupes
816 769 923 831 petram.

137 855 207 924 Ergo
217 852 307 908 audire
325 863 352 908 et
366 851 464 915 faeere,
490 850 621 906 adificare
645 859 787 921 estsuper
811 859 922 922 petram.

136 943 224 1014 ipsunt
242 945 313 999 enim
324 943 416 998 audire
430 942 562 997 urdilrcare
576 951 625 997 est.
641 941 690 1008 Qui
713 952 807 1008 auten,
827 939 922 1012 inquit,

136 1036 209 1090 antiit
222 1037 296 1092 omia
306 1052 361 1089 ntea
373 1036 435 1099 baec,
448 1045 472 1089 et
482 1052 532 1089 uon
544 1035 605 1107 [acii
615 1050 654 1099 ea,
666 1033 780 1088 sirniialro
801 1050 858 1088 enat
870 1036 924 1088 siro

135 1118 267 1190 stuitoqui
288 1120 409 1185 edificat.
425 1120 458 1174 Ei
483 1118 674 1189 lpsetediitcat.
697 1117 764 1186 Quid
789 1117 924 1173 aditet?

136 1210 208 1268 Eece
218 1210 327 1279 aedificat
341 1209 443 1264 dentum
455 1225 547 1265 suam:
561 1208 608 1265 sed
618 1208 679 1281 qttia
697 1223 750 1264 uon
770 1206 835 1264 facit
852 1208 922 1280 quod

124 1300 222 1364 audit,
237 1309 264 1353 et
276 1298 408 1354 attdleudo
421 1299 531 1368 aedificat
545 1316 621 1371 super
632 1315 746 1353 arenam.
760 1299 830 1371 Ergo
842 1314 923 1372 super

135 1405 255 1456 arenam,
269 1390 314 1460 qui
328 1389 400 1444 audit
420 1398 448 1445 et
464 1405 517 1445 nou
539 1390 609 1455 iacit,
634 1389 765 1445 aedificata
780 1404 861 1462 super
872 1403 922 1461 pe-

134 1492 215 1546 tram,
229 1481 273 1551 qui
286 1481 360 1535 audit
370 1489 397 1535 et
415 1480 495 1535 facit:
511 1495 561 1537 nee
572 1496 654 1552 super
664 1495 784 1547 arenam,
811 1495 861 1537 nec
875 1495 921 1536 su·

136 1587 187 1642 per
200 1580 300 1641 petrum
313 1571 436 1636 aediilcat,
448 1572 492 1642 qui
513 1572 621 1627 omnino
636 1587 688 1627 nou
701 1571 785 1627 audit.
795 1572 863 1629 llide
874 1589 922 1629 au·

133 1671 189 1717 tem
204 1660 267 1731 quid
291 1674 417 1731 sequatur
432 1679 438 1715 :
454 1661 589 1716 Descendit
616 1661 710 1733 pluuia,
733 1673 851 1717 uenerant
871 1664 921 1733 iiu-

132 1753 212 1816 mina,
228 1753 350 1822 piaverunt
366 1753 440 1816 uenti,
454 1762 475 1806 et
487 1753 642 1824 impeperunt
664 1753 691 1806 iu
713 1752 816 1807 dantum
837 1751 918 1819 iiiam,

132 1842 309 1906 etcecidi15et
323 1841 390 1911 factu
414 1851 450 1897 est
470 1842 544 1896 rusina
568 1844 623 1913 ejus
640 1859 733 1916 tnapna
750 1842 856 1914 (anst.
872 1859 918 1912 vu,

132 1931 242 2003 tt-et).
253 1932 437 2002 Spectaculum
450 1933 614 1988 miserabile!

167 2023 280 2081 CAPUT
308 2023 400 2078 lX.-
421 2024 447 2081 e.
476 2024 536 2080 Non
562 2027 660 2090 audire,
685 2027 755 2096 quam
779 2043 830 2082 uae
853 2028 917 2080 tedi-

133 2116 221 2186 ficare,
235 2117 332 2170 rnaiurn
343 2127 389 2170 est.
401 2118 513 2189 lliletgo
525 2119 620 2188 aliquis
636 2137 642 2172 :
657 2117 732 2186 Quod
742 2133 794 2173 nou
806 2133 865 2174 sum
882 2119 919 2175 ia-

131 2217 233 2274 cturus,
249 2207 310 2278 quid
325 2209 389 2262 mibi
402 2223 468 2278 opus
494 2218 535 2264 est
551 2209 662 2263 audire?
683 2210 823 2266 Audienda
835 2212 916 2276 enlm,

131 2297 229 2368 inquit,
240 2308 267 2354 et
277 2315 328 2353 uon
341 2299 469 2365 faciendo,
485 2301 588 2355 ruinam
613 2300 759 2356 adillcabo.
770 2301 863 2358 Nonne
877 2310 917 2356 tu·

132 2391 186 2445 tius
200 2399 242 2446 est
254 2390 439 2447 nilriluudlrel
453 2391 537 2461 ipsum
555 2392 653 2462 quippe
668 2402 768 2462 partem
790 2393 917 2450 Dominus

129 2482 157 2537 iu
170 2498 217 2541 sua
230 2483 400 2540 similitudine
412 2485 545 2555 proposita
558 2486 687 2554 attingere
699 2485 792 2548 noluit,
814 2485 860 2541 sed
874 2487 915 2540 in·

131 2574 300 2645 telligondam
314 2574 395 2630 dedit.
407 2574 433 2629 lu
445 2575 495 2630 lroe
508 2575 578 2630 enisu
592 2576 701 2642 saeculo,
717 2576 817 2646 pluria,
831 2577 913 2642 vetuti,

128 2663 302 2721 fluminanon
328 2666 475 2736 quieseunt.
499 2665 557 2720 Nun
580 2666 696 2722 edillms
712 2676 913 2739 superponam,

127 2765 158 2809 ut
170 2755 288 2822 ιειιιιιιιι,
303 2764 330 2811 ει
344 2771 396 2811 non
420 2766 445 2810 te
460 2756 583 2826 dejiciunt
594 2756 606 2810 ‘i
619 2757 674 2811 llon
700 2757 815 2814 edificas
835 2774 915 2829 super

128 2861 249 2913 arenam,
268 2861 302 2902 ne
314 2863 374 2901 cum
389 2848 521 2910 verrerint,
541 2847 648 2902 dunum
673 2847 817 2917 dejicienti
844 2849 914 2922 Ergo

128 2937 186 2992 siue
196 2937 251 2991 ullo
263 2944 343 3005 tecto,
360 2938 419 3008 quia
434 2937 593 3003 uilrilnudis,
608 2940 646 2994 sie
661 2941 819 2996 remanebis.
837 2941 914 2998 Venit

126 3027 226 3099 pluria,
242 3029 351 3084 veniunt
375 3030 505 3085 fluuius:
523 3032 649 3101 numquid
663 3032 721 3089 ideo
747 3043 827 3100 tutus,
853 3037 912 3106 quia

126 3121 231 3190 raperis
245 3121 352 3175 nudus?
366 3119 509 3177 Considera
523 3138 597 3193 ergo,
618 3125 721 3194 qualem
742 3126 787 3181 tibi
800 3127 913 3197 elegeris

125 3222 238 3280 partem.
253 3212 311 3266 lion
322 3215 385 3278 eris,
406 3224 433 3267 ut
452 3225 539 3282 putas,
553 3230 604 3268 non
626 3216 757 3278 audiendo
777 3231 910 3274 securm:

125 3316 236 3357 neeesse
246 3313 286 3357 est
297 3312 322 3358 te
337 3302 435 3357 nudum
447 3305 503 3359 sine
517 3305 570 3359 ullo
583 3313 653 3359 tecto
667 3307 754 3373 obrui,
766 3307 832 3374 tolli,
847 3308 911 3364 sub·

125 3390 219 3460 nrergi.
233 3391 260 3447 Si
286 3406 350 3461 ergo
364 3393 459 3446 mulum
484 3401 525 3448 est
547 3408 627 3461 snper
645 3409 753 3449 aretiam
767 3395 909 3464 aedificare,

125 3481 224 3535 rutulum
239 3489 281 3536 est
293 3482 358 3536 uilrd
372 3481 520 3548 andifusum
537 3491 618 3538 restat
645 3495 674 3539 ut
695 3500 747 3539 nou
760 3486 795 3542 sit
811 3486 908 3543 bonum

124 3573 175 3628 nisi
189 3575 215 3627 in
229 3582 301 3644 petru
312 3573 452 3629 adificare.
465 3574 559 3629 llulrrm
574 3586 615 3631 est
627 3591 691 3648 ergo
715 3593 767 3633 tlon
790 3579 883 3635 audire
902 3598 908 3635 :

126 3665 224 3718 utalum
240 3674 281 3719 est
295 3663 386 3719 audire
397 3676 424 3719 et
439 3680 491 3720 nou
511 3665 598 3722 iacere
613 3685 620 3723 s
634 3678 717 3723 restat
728 3669 819 3727 audire
833 3680 860 3727 et
871 3671 909 3728 fa·

124 3771 195 3812 eure.
209 3755 296 3810 Estote
307 3771 370 3827 ergo
381 3760 490 3827 factores
508 3759 585 3826 aetii,
599 3768 622 3812 ει
636 3775 686 3814 nou
707 3761 833 3818 auditores
849 3773 907 3819 tau·

126 3857 188 3913 tunt,
200 3848 315 3919 [clientes
328 3850 500 3920 vosmetipsos.

157 3937 269 3993 CAPUT
286 3936 321 3992 X.
332 3968 368 3978 -
382 3937 424 3993 tu.
445 3939 552 3994 Auditor
574 3943 702 4014 neplipens
730 3945 906 4015 predicatoris

124 4028 185 4081 sitia
197 4045 228 4082 ne
239 4038 365 4083 canutus.
378 4028 442 4085 Post
456 4028 524 4084 itanc
543 4031 752 4089 exhortationem
775 4036 855 4092 timeo
873 4054 906 4093 ιιε

124 4134 176 4173 nou
189 4117 271 4173 serbo
283 4119 393 4191 erigam,
407 4118 646 4191 seddespcratioue
656 4124 828 4194 confringam.
841 4126 905 4181 For-

122 4210 201 4266 tassis
211 4210 281 4265 euim
294 4210 400 4281 aliquis,
412 4210 453 4266 rel
469 4212 599 4278 unusual
619 4212 682 4280 duo,
698 4215 739 4269 vel
762 4227 835 4273 certe
845 4220 905 4287 plu·

120 4312 174 4368 res,
188 4299 215 4354 in
232 4299 280 4354 ista
294 4308 383 4355 uestra
396 4299 525 4371 frequenti
538 4304 677 4371 praesentia
695 4304 795 4374 iudicat
811 4323 864 4376 me,
877 4320 904 4364 et

119 4392 312 4449 dicitsiellem
326 4393 404 4461 scire,
421 4393 442 4448 si
454 4393 503 4449 iste
525 4395 570 4464 qui
582 4395 647 4450 milri
666 4395 791 4467 loquitur,
815 4401 902 4454 omnia

119 4479 181 4537 facit
192 4482 307 4553 qrrmuel
319 4482 375 4552 ipse
396 4481 480 4548 audit,
506 4484 547 4537 vel
571 4485 675 4539 autoris
687 4485 760 4541 dicit.
776 4486 843 4543 iluio
859 4505 903 4544 re·

118 4571 236 4642 spondeo
250 4590 257 4627 :
271 4572 337 4626 tttnt
349 4581 432 4626 autem
447 4573 576 4626 minimum
595 4586 631 4628 ast
645 4586 702 4629 uta
722 4577 791 4633 cobis
804 4577 902 4649 tijati-

117 4677 169 4726 cer,
180 4673 224 4716 aut
237 4663 269 4717 alr
281 4665 391 4716 iratumne
403 4664 452 4717 die.
465 4664 594 4732 Quoniam
608 4676 634 4721 et
648 4681 698 4737 ego
707 4668 763 4737 ipse
772 4683 804 4724 es
814 4670 901 4742 aliqua

115 4763 201 4824 parte,
215 4753 277 4823 qrrid
291 4755 431 4817 urtnesim,
454 4769 562 4825 possum
583 4757 742 4829 seire3quid
755 4774 816 4817 cras
835 4761 902 4817 futu·
939 4790 940 4794 ,

116 4860 161 4899 rus
174 4845 235 4909 sim,
249 4845 349 4900 tresdo.
362 4843 416 4900 Sed
428 4845 473 4899 tibi
487 4847 520 4901 de
532 4862 585 4911 me,
598 4863 615 4902 o
626 4850 744 4920 quisquis
759 4851 794 4907 ita
807 4868 900 4911 move-

115 4938 164 5002 ris,
173 4936 298 4990 Dominus
308 4936 476 4990 securitatem
482 4936 564 4992 dedit.
575 4937 602 4994 Si
614 4941 684 4995 euim
697 4940 830 5014 facioque
840 4944 900 5002 dieo

114 5027 154 5081 uel
182 5041 240 5094 quun
264 5023 359 5087 audio,
374 5025 510 5079 imitatores
526 5027 575 5081 mci
598 5038 675 5084 estote
689 5049 697 5097 ;
713 5033 778 5087 sicut
805 5044 830 5088 et
854 5053 899 5107 epo

116 5118 209 5173 Cirrisri
219 5120 228 5188 (
239 5119 247 5172 l
260 5117 319 5174 Cor.
330 5136 365 5185 tu,
378 5121 404 5181 5.
418 5121 452 5176 tn
462 5121 484 5193 ).
498 5122 699 5190 Siautemdico‚
713 5138 741 5184 et
756 5145 807 5186 nou
819 5129 896 5197 facim

97 5226 100 5232 ·
117 5210 257 5266 Dominum
270 5213 379 5267 audite:
398 5212 461 5281 Qute
479 5216 575 5282 dicant,
590 5220 680 5289 facin,-
691 5234 838 5292 paeantem
859 5227 873 5295 f
885 5255 898 5269 ·

113 5304 194 5368 ciunt,
210 5309 292 5374 [acme
302 5305 389 5360 nolite.
404 5305 474 5376 Ergo
495 5309 517 5362 si
531 5307 599 5365 bene
610 5309 645 5367 de
658 5328 702 5368 me
721 5316 814 5382 sentis,
839 5318 897 5373 lau-

112 5393 159 5449 das
173 5410 216 5450 ιιιε
232 5413 238 5448 :
252 5396 274 5448 si
289 5396 358 5450 male
369 5398 463 5462 scutis,
479 5414 589 5456 accursus
599 5417 652 5468 me,
666 5403 713 5459 sed
725 5420 778 5462 non
787 5423 897 5465 excusas

112 5491 146 5537 te.
159 5483 297 5551 Quomodo
308 5487 378 5541 enim
392 5495 417 5544 ιε
427 5491 573 5554 excusabis,
585 5491 608 5545 sl
620 5492 647 5547 fu
657 5494 755 5551 malum
768 5499 896 5568 pradica-

111 5583 196 5629 ttaent
218 5579 335 5632 t'erlluils
360 5581 468 5637 terbum
493 5584 538 5638 bet
567 5585 613 5640 i'titl
637 5585 779 5656 dicentem,
801 5603 827 5646 el
849 5612 893 5649 suu

982 301 1051 355 mala
1064 317 1144 374 opera
1153 304 1291 365 facientem
1301 319 1634 385 contorquessacensallaa

983 391 1110 452 Dominus
1125 405 1195 464 tuus,
1208 401 1360 474 redemptor
1375 413 1446 474 tuus,
1460 408 1559 466 effusor
1572 412 1634 482 preu'

980 497 1046 554 gans
1059 494 1086 540 te
1096 486 1195 544 militie
1208 505 1273 558 sue,
1287 503 1314 549 et
1334 494 1433 554 faciens
1454 498 1488 555 de
1501 513 1582 558 servo

979 590 1068 640 suum,
1084 593 1136 634 non
1153 579 1291 639 tedcsluat
1303 600 1482 656 commonere,
1497 601 1526 648 et
1550 594 1634 665 dieat,

979 675 1048 732 cunt,
1062 667 1153 737 facite·
1165 687 1221 742 qaae
1233 683 1316 730 autern
1328 678 1434 747 facium,
1460 683 1543 753 fucere
1555 684 1634 742 nolite

978 758 1055 826 eninr,
1072 761 1167 831 inquit,
1178 772 1202 817 et
1213 781 1265 820 aaa
1277 769 1489 844 [cuintitulatus.
1501 777 1628 848 ιιιιιμι).

977 857 1050 916 eunt,
1066 851 1133 906 maia
1147 852 1245 911 faciunt
1258 873 1266 910 s
1278 867 1305 912 tu
1316 860 1377 915 audi
1388 860 1468 931 botta,
1481 872 1510 920 et
1522 866 1634 925 uoli'fso

977 938 1026 995 llic
1054 945 1225 1014 respondebis
1240 949 1399 1019 :Quomodo
1420 957 1499 1012 audio
1519 957 1589 1016 bons
1609 962 1635 1017 al

976 1031 1065 1087 maloi
1079 1033 1208 1107 Numquid
1226 1042 1348 1113 coiiipunt
1365 1045 1398 1098 de
1418 1046 1499 1116 spinis
1522 1066 1586 1106 suas
1607 1050 1634 1127 (

976 1119 1029 1196 16)
1047 1123 1101 1197 (ali

1202 1221 1314 1281 SERle
1329 1226 1446 1284 CLXXX
1459 1233 1470 1254 ⁴
1484 1229 1533 1302 (i).

974 1326 1014 1383 De
1027 1330 1106 1384 εεειιε
1117 1334 1226 1404 ερειιειι·
1248 1333 1348 1404 iacobi,
1360 1341 1437 1410 ,Αιιιε
1454 1344 1544 1398 omnia
1556 1344 1634 1405 nolite

1200 1433 1262 1494 eta,
1276 1442 1334 1498 sap.
1351 1443 1377 1494 v,
1401 1430 1486 1502 ).1Ξ
1502 1431 1548 1506 (ε).

1008 1532 1120 1592 eleut
1135 1535 1275 1597 Pllllilili.
1286 1571 1323 1583 -
1337 1544 1362 1599 1.
1376 1543 1417 1599 De
1429 1549 1540 1603 coemtio
1554 1551 1634 1622 tarsa

973 1627 1086 1682 uronitio.
1102 1628 1189 1685 Prima
1209 1630 1365 1705 lectioque
1389 1637 1466 1693 nobis
1478 1640 1560 1698 hodie
1585 1658 1634 1702 rsa

972 1717 1084 1785 apostoli
1095 1717 1194 1786 iacobi,
1208 1723 1296 1779 obbia
1318 1725 1492 1783 nobisestad
1512 1729 1634 1791 disseres

972 1806 1087 1877 quodum
1101 1808 1181 1864 modo
1193 1810 1300 1868 indicta.
1310 1813 1426 1873 intentos
1440 1818 1634 1880 animnos-feeit

972 1911 1038 1951 neus
1051 1908 1113 1955 aute
1138 1901 1227 1956 omniu
1255 1918 1290 1959 ne
1306 1904 1410 1975 juretis.
1434 1909 1556 1967 Difficilis
1570 1930 1634 1984 quse

972 1986 1029 2042 lloe
1049 2000 1185 2058 peccatum
1200 2009 1278 2063 quern
1291 2011 1345 2051 non
1358 2013 1432 2053 reum
1444 2008 1541 2067 teneat.
1553 2004 1577 2059 si
1589 2004 1634 2075 jur

971 2087 1060 2134 catum
1069 2081 1131 2136 esti
1143 2082 1207 2138 llam
1218 2085 1363 2156 perjurium
1374 2100 1510 2159 peecatum
1530 2109 1605 2163 esse,
1618 2110 1634 2155 ε

970 2182 1124 2242 peceatum,
1155 2192 1233 2232 nemo
1262 2179 1374 2235 dubitat.
1396 2181 1449 2238 Sed
1474 2199 1527 2240 non
1544 2187 1584 2243 ait
1604 2189 1634 2263 dp

969 2263 1004 2319 de
1033 2265 1108 2335 cujus
1130 2267 1244 2325 lectione
1272 2279 1423 2337 teneamus,
1442 2273 1507 2330 date
1537 2278 1634 2347 mma,

969 2354 1029 2422 urei,
1048 2356 1129 2413 nolite
1155 2359 1305 2429 perjurare;
1327 2362 1385 2429 sed,
1414 2365 1491 2419 nolite
1515 2367 1613 2435 iurare.

970 2445 1005 2498 sit
1037 2447 1117 2502 etiam
1147 2449 1229 2519 ipsius
1263 2452 1367 2508 Domini
1397 2454 1461 2511 iesu
1488 2457 1589 2516 Christi
1613 2461 1634 2517 it

969 2537 1037 2606 gello
1048 2539 1140 2594 similis
1151 2540 1296 2598 admonitio
1309 2561 1316 2596 :
1333 2545 1455 2614 Audistis,
1476 2548 1571 2619 inarsit,
1584 2552 1634 2622 qais

968 2638 1004 2682 est
1018 2630 1135 2700 antiquis,
1151 2629 1211 2686 Non
1220 2633 1359 2704 perjurabis
1374 2651 1438 2708 :epo
1450 2651 1534 2695 auteur
1545 2640 1634 2697 dicas

968 2720 1113 2790 litejarare,
1129 2740 1207 2794 neque
1216 2742 1260 2796 per
1274 2728 1373 2794 caium,
1389 2732 1447 2799 quin
1459 2733 1530 2787 sedes
1539 2733 1590 2789 aa
1612 2750 1634 2791 st

967 2828 1012 2882 per
1025 2821 1126 2878 terrant,
1139 2815 1198 2882 quia
1220 2816 1355 2872 scabellum
1367 2830 1403 2875 est
1417 2821 1511 2891 pedatu
1520 2826 1594 2895 ejus,-
1618 2843 1634 2882 ιι

966 2910 1041 2970 caput
1059 2912 1128 2957 tatum
1141 2906 1252 2976 jurabis,
1273 2909 1331 2978 quia
1358 2927 1409 2965 nort
1423 2913 1517 2969 steten
1542 2927 1634 2987 potesta

966 3010 1044 3048 uttam
1067 2997 1187 3067 capillum
1204 2999 1289 3055 alium
1309 3012 1353 3056 aut
1373 3005 1483 3076 uriarum.
1502 3007 1545 3063 Sit
1569 3020 1634 3067 asim

965 3094 1054 3150 aester,
1065 3084 1123 3152 Est,
1135 3099 1171 3143 est
1179 3104 1190 3153 ,·
1199 3088 1269 3158 Nau,
1284 3109 1335 3147 non
1348 3096 1391 3149 :si
1403 3097 1464 3166 quid
1472 3101 1585 3170 amplias
1593 3112 1634 3170 cst,

964 3184 1000 3228 est
1011 3173 1115 3249 (lfattlr.
1128 3195 1152 3246 a,
1161 3180 1265 3254 atet).
1278 3182 1343 3239 lluic
1354 3184 1495 3244 dominium
1505 3189 1634 3251 admoniti

964 3275 1066 3320 morata
1076 3269 1194 3337 Apostoli
1209 3272 1288 3328 lectio
1307 3276 1415 3331 omniuo
1437 3278 1634 3351 siecougrult,¹

964 3355 1035 3411 aliud
1061 3357 1132 3413 Deus
1152 3359 1264 3430 jussisse
1280 3364 1396 3421 videatur
1410 3384 1417 3422 t
1433 3369 1494 3438 quia
1516 3372 1634 3430 nullasu

963 3445 1039 3513 dixit,
1054 3463 1132 3518 quant
1147 3450 1244 3522 illequi
1256 3467 1304 3524 per
1315 3457 1468 3524 Apostolum
1479 3459 1547 3515 dixit
1559 3462 1634 3519 :Asu

963 3538 1060 3608 inquit,
1072 3543 1163 3610 fratres
1173 3545 1230 3610 ιιιει,
1245 3547 1426 3618 stolitejurare,
1442 3568 1521 3622 neque
1534 3558 1634 3624 percari

962 3646 1010 3700 que
1022 3647 1066 3702 per
1082 3641 1184 3698 terrant,
1198 3651 1277 3707 neque
1288 3639 1359 3692 aliud
1381 3643 1557 3714 quodcumque
1568 3649 1634 3716 iussu

963 3720 1004 3776 Sit
1017 3733 1101 3777 autent
1118 3742 1199 3780 sermo
1212 3740 1299 3796 uester,
1312 3730 1368 3800 Est,
1382 3743 1438 3799 est,·
1453 3734 1525 3804 Nou,
1535 3739 1633 3797 nauli

961 3815 1012 3871 iste
1025 3817 1136 3885 addidit,
1148 3819 1213 3874 Arete
1224 3824 1309 3876 orrtniu
1325 3840 1335 3878 :
1348 3840 1381 3880 ex
1394 3842 1448 3896 quo
1459 3829 1574 3886 multum
1585 3831 1634 3891 feei

961 3916 1013 3973 tos,
1027 3909 1150 3981 arrxitque
1158 3912 1338 3972 difficultatem
1349 3921 1497 3988 quaestioni.

994 3997 1105 4056 CAPUT
1124 3999 1155 4057 ll.
1170 4034 1206 4044 —
1219 4005 1246 4058 2.
1256 4003 1357 4063 iuratio
1375 4009 1461 4066 iiceta
1479 4011 1536 4070 Deo
1556 4033 1634 4093 asar,

960 4088 1022 4144 nursi
1032 4100 1114 4147 tanen
1123 4097 1253 4167 sapienda.
1273 4097 1420 4171 Perjunurn
1431 4114 1491 4176 aaut
1510 4109 1596 4167 modis
1614 4126 1634 4167 at

959 4181 1109 4239 invenimus
1131 4188 1201 4242 euius
1223 4189 1328 4259 iurasse
1353 4205 1467 4262 sanctos,
1485 4196 1595 4267 jurasse
1623 4216 1634 4275 p

959 4274 1045 4342 ipsum
1055 4275 1206 4346 Dominum,
1220 4280 1246 4336 in
1260 4296 1313 4351 quo
1338 4299 1392 4339 non
1405 4295 1446 4341 est
1458 4289 1570 4346 omnino
1596 4306 1634 4364 pet

957 4362 976 4417 i
978 4366 1058 4420 uranii
1070 4364 1202 4436 Daminas,
1218 4382 1240 4425 ct
1253 4390 1303 4428 nou
1315 4376 1441 4445 paenitebit
1453 4395 1510 4434 cum
1520 4397 1530 4436 .·
1539 4379 1583 4437 Tra
1591 4400 1634 4442 est

958 4455 1634 4543 iueteruuut,secandttnrordinemlfeicitiscdeciaiis

956 4542 995 4617 i).
1011 4544 1197 4606 AEternitatem
1217 4555 1356 4611 sacerdotii
1371 4557 1438 4615 Filio
1450 4575 1512 4616 cum
1522 4563 1634 4633 juratios

957 4635 1038 4691 misit.
1051 4637 1138 4695 liabes
1151 4641 1241 4709 eliam,
1256 4644 1305 4699 Pet
1315 4651 1488 4719 mentetipsuat
1496 4657 1569 4722 jara,
1583 4656 1634 4713 tiiai

956 4744 1003 4784 uus
1026 4725 1102 4798 (Gen.
1115 4747 1181 4799 uu,
1197 4734 1252 4805 16).
1268 4735 1300 4790 Et
1323 4738 1495 4809 illudjuratiu
1516 4754 1569 4811 est,
1602 4744 1634 4803 i'i

954 4818 1015 4872 dicit
1042 4817 1165 4876 Dominus
1185 4823 1277 4894 (Nuus.
1289 4842 1342 4893 xlv,
1357 4828 1413 4900 ιι).
1432 4831 1575 4896 Quomodo
1598 4836 1634 4895 h

955 4910 1048 4980 Deum,
1063 4916 1102 4970 sie
1116 4915 1187 4971 Deus
1198 4933 1244 4986 per
1256 4933 1285 4973 se
1298 4920 1392 4989 ipsum.
1405 4922 1464 4978 Nun
1474 4937 1592 5000 esterno
1603 4944 1634 5002 ps

983 5110 1106 5163 'collatus
1119 5114 1148 5163 ad
1166 5115 1208 5164 bn.
1221 5118 1260 5165 cb.
1282 5118 1310 5167 fs.
1330 5133 1367 5182 pr.
1378 5133 1424 5168 rm.
1453 5123 1493 5172 ud.
1515 5135 1567 5177 tm.
1579 5133 1617 5179 tr.

951 5178 1005 5225 lov.

983 5236 1020 5299 (a)
1030 5234 1182 5287 ulimmerius
1189 5239 1246 5290 bule
1252 5242 1358 5290 sermoni
1366 5239 1543 5307 aliqoadeease
1549 5258 1634 5303 mmet

951 5297 1119 5348 lovanienses.
1131 5305 1156 5348 tu
1167 5308 1249 5351 nostro
1260 5303 1339 5364 relpoa
1349 5309 1505 5358 Germauemi
1512 5310 1634 5375 cedma

950 5360 1012 5408 sitan
1030 5359 1165 5422 descriptus
1181 5369 1206 5412 et
1223 5361 1357 5424 publicatus
1367 5364 1421 5425 fult,
1438 5367 1634 5432 iusperfemuslm

951 5424 1259 5486 cenomannensium
1274 5424 1304 5473 ud
1315 5426 1366 5476 lltec
1384 5430 1468 5490 verbs,
1484 5431 1540 5485 «de
1557 5436 1633 5500 apim

949 5482 1073 5532 sub'uuxit
1085 5491 1228 5544 postremam
1239 5494 1333 5548 partem
1344 5491 1512 5544 sermomstb.

981 5497 1017 5667 (ιι)
1027 5543 1095 5601 ultas,
1106 5543 1138 5593 de
1152 5546 1235 5595 verbis
1244 5546 1344 5608 apostoli
1356 5547 1395 5598 DS.

981 5610 1005 5666 (e
1026 5606 1247 5656 cinturauloroad
1259 5616 1266 5656 t
1277 5616 1328 5659 eor.
1341 5622 1380 5661 st.
