3750 6270
575 202 583 217 '
668 208 782 273 sanun
796 205 926 291 ιιιιι.
1553 202 1608 261 ιιι

102 364 161 413 utre
179 352 313 411 Cbristum
333 362 443 420 patuere
464 344 614 399 intererunt.
639 335 720 392 Piaue
744 330 772 385 in

102 442 315 519 tprudatiouibus
336 439 394 495 suis
411 435 514 492 tituium
535 431 605 486 iiiios
619 429 772 498 posuerunt,

102 538 136 595 iae
157 538 274 609 ipsorum
293 531 369 604 quasi
389 527 593 586 defenderentur
608 535 655 591 per
668 515 772 572 titulum

102 647 115 685 ι
127 621 195 700 Quid
210 624 275 682 iacit
285 623 404 678 Christus
419 615 524 691 quando
536 614 602 669 tales
613 615 774 666 muuertun·

102 768 104 778 .
117 721 181 776 ioris
195 718 228 774 ab
240 715 357 773 Ecclesia
369 713 471 769 titulum
484 709 541 777 eius
554 699 721 774 Baptismatis
730 709 775 750 ac·

102 810 228 881 ttiiijicit
249 806 433 879 predatorem,
452 799 556 855 titulum
579 808 632 849 uon
655 785 773 858 deponit,

102 903 150 960 det
161 902 270 958 domum
287 897 369 968 :quia
390 892 490 950 iuveuit
508 891 543 946 ibi
564 886 668 943 titulum
686 893 774 936 suum.

102 1007 139 1049 ius
148 1001 230 1048 estut
243 996 326 1044 nrutet
338 1001 434 1042 nomen
445 979 540 1038 suomi
549 971 678 1045 Numquid
690 979 775 1025 attero

102 1082 151 1140 nod
170 1083 207 1137 ait
227 1079 355 1135 Domium
372 1075 467 1140 Petro,
494 1069 575 1126 Posce
598 1080 676 1138 uqnoe
696 1077 775 1127 rueoa,

102 1191 137 1230 rea
148 1173 234 1228 mensi
246 1167 378 1239 Numquid
390 1165 457 1220 dixit
464 1163 501 1229 ei,
511 1161 593 1216 Pasce
605 1169 687 1228 agnos
698 1163 775 1208 tuos:

102 1279 145 1322 tce
158 1278 221 1319 ores
233 1259 309 1316 tuas?
329 1255 449 1314 Exclusis
471 1260 571 1317 autem,
585 1246 649 1319 quid
662 1243 730 1301 dixit
750 1242 777 1297 in

102 1374 109 1414 ι
124 1357 288 1414 ocutioorum
299 1351 331 1408 ad
347 1346 510 1406 Ecclesiam!
528 1343 651 1412 Loquens
664 1348 778 1408 sponsus

102 1463 173 1505 naam
193 1446 239 1512 ait,
257 1443 315 1499 tini
331 1438 473 1513 cognouerit
493 1435 657 1503 temetipsum,
672 1426 779 1501 puieitre

102 1541 202 1606 niem,
222 1537 262 1593 eui
282 1545 318 1591 tn.
337 1532 473 1602 Tanquam
491 1528 593 1593 diceus,
610 1524 670 1579 Nou
688 1535 739 1592 ego
753 1529 779 1574 te

109 1629 154 1687 exi
178 1637 216 1695 tu,
232 1625 284 1682 nisi
304 1622 469 1693 temetipsam
491 1614 655 1689 eognomris,
671 1607 779 1683 puicbra

102 1720 215 1783 nudieres,
231 1716 282 1772 nisi
299 1711 454 1784 cognoveris
466 1717 493 1764 te
506 1708 532 1762 in
542 1703 651 1776 speculo
662 1700 780 1771 Scriptu-

102 1827 161 1879 nae;
175 1809 226 1866 nisi
246 1805 400 1870 attenderis,
414 1818 431 1858 o
447 1801 542 1857 mulier
554 1795 675 1868 puicbra,
687 1806 782 1864 specu·

102 1903 131 1961 nd
153 1913 180 1958 te
193 1900 259 1957 iaiso
277 1900 363 1955 nitore
381 1909 433 1951 non
449 1891 517 1949 toltit
535 1889 608 1948 :uisi
622 1883 782 1959 cognoveris

102 2000 149 2049 ιιι
168 1991 265 2046 dictum
285 1996 337 2055 est,
362 1984 446 2053 Super
468 1970 567 2037 omnem
589 1988 681 2033 terrent
700 1972 783 2046 gorio

102 2085 139 2140 ai.
156 2098 209 2147 ιιι,
231 2079 294 2153 t2);
308 2080 369 2151 quia
382 2077 416 2133 de
429 2085 455 2131 te
472 2074 571 2130 dietum
591 2078 642 2137 est,
654 2067 727 2123 Dabo
738 2065 782 2121 iit

102 2174 261 2231 moditatem
281 2180 358 2233 tuom,
374 2176 397 2223 et
417 2165 595 2237 poeoniorum
607 2170 676 2215 tuum
695 2156 782 2212 ternti·

102 2280 131 2321 te
142 2262 224 2336 (Paci.
239 2277 269 2327 u,
284 2260 324 2331 8);
340 2267 368 2314 et
385 2257 435 2313 aiia
448 2249 647 2310 innumerabilia
663 2247 785 2304 testimo·

102 2370 134 2410 tae
153 2352 309 2409 catholicam
335 2347 481 2403 Ecclesiam
505 2338 700 2399 commendant.
727 2335 783 2392 Nisi

102 2442 236 2516 guoueris,
253 2448 354 2510 purtem
369 2450 422 2491 nou
434 2433 526 2498 babes,
541 2429 672 2485 haeredem
690 2434 717 2483 te
731 2441 782 2481 nou

102 2549 184 2591 rcere.
199 2533 276 2603 Ergo,
291 2530 331 2584 eei
351 2539 378 2582 ιι
393 2528 419 2581 iu
432 2524 541 2596 uestigiis
558 2536 670 2593 gregum,
689 2532 742 2574 nou
757 2515 784 2571 iu

102 2637 127 2682 tc
138 2624 243 2697 gregis:
258 2632 282 2676 et
297 2635 371 2690 pesce
387 2617 471 2672 nedae
483 2625 539 2669 tuor
555 2609 638 2684 (cau.
648 2624 669 2677 ι,
681 2607 720 2681 i),
731 2620 785 2663 uon

102 2715 135 2772 do
148 2716 227 2771 Petro
240 2713 339 2768 dictum
355 2717 406 2775 est,
419 2723 475 2762 ores
488 2720 566 2760 nuos.
584 2703 664 2758 Petro
677 2698 784 2765 dicitur,

102 2823 136 2863 us
144 2823 154 2873 ,·
168 2802 343 2862 scirismaticis
356 2800 462 2864 dicitur,
479 2796 565 2852 bardos
579 2804 643 2848 tuoe.
658 2791 706 2847 iiic
717 2805 784 2857 oues,

102 2898 139 2956 ios
150 2913 161 2954 .·
174 2896 217 2952 bic
235 2912 312 2962 meos,
333 2892 370 2948 ibi
389 2900 454 2945 tuos.
469 2887 588 2944 Reooiite
605 2883 741 2939 dexteram
759 2888 787 2935 et

102 3004 136 3045 un
153 2987 248 3060 iudicis
269 2983 352 3041 nostri
369 2980 498 3037 :recolite
515 2979 560 3033 uhi
580 2975 687 3030 stabutn
706 2969 785 3035 noui,

102 3093 162 3137 orec
175 3076 280 3151 (idatii.
295 3089 359 3140 ιιι,
373 3071 418 3140 55)
437 3089 445 3126 :
459 3077 487 3126 et
501 3065 637 3138 apparebit
649 3062 725 3118 vobis
743 3060 787 3116 ubi

101 3184 121 3235 ι,
138 3167 182 3224 ubi
200 3166 318 3230 sinistra,
332 3160 442 3218 eattdida
459 3167 487 3214 et
508 3157 592 3227 nigra,
613 3152 744 3210 luminosa
761 3157 789 3204 et

102 3271 153 3325 rsa,
167 3254 278 3328 puicbra
297 3261 324 3309 et
335 3249 472 3316 deinrmis,
485 3255 625 3317 acceptura
638 3256 747 3315 reguum
760 3255 789 3311 ep

102 3362 143 3405 rra
151 3344 310 3418 supplicium
319 3342 520 3413 sempiternum.

232 3497 346 3557 ssuuo
363 3495 477 3554 cxuuu
491 3499 501 3521 ·
514 3492 563 3569 (q.

102 3641 159 3697 oen
178 3639 257 3694 nubis
278 3635 408 3706 Evangelii
427 3633 545 3697 inmunis,
564 3629 657 3688 Simon
669 3626 789 3694 ioannis,

102 3732 148 3804 igis
163 3747 205 3786 me
219 3731 276 3800 pius
289 3729 330 3783 itis
343 3727 370 3780 ¹?
382 3735 439 3780 etc..
454 3722 517 3795 Cup.
534 3737 589 3789 ιιι,
610 3721 628 3793 i
649 3719 737 3777 iiii.

102 3863 156 3921 *tiu
174 3861 314 3918 Putiititt.
328 3891 365 3902 -
376 3861 402 3915 i.
419 3857 488 3912 Petri
501 3853 662 3927 presumptio
678 3863 701 3907 et
717 3868 794 3920 nepo·

102 3954 233 4027 postoitrm
252 3953 359 4007 Petrum
382 3949 495 4020 primunt
515 3945 632 4001 omnium
651 3942 792 4014 Apostuio-

102 4045 243 4102 remisistis
255 4044 281 4099 in
300 4041 403 4096 Domini
416 4038 538 4111 passione
554 4034 636 4090 inisse
648 4033 791 4089 turbatum.

102 4135 219 4192 urbatum
229 4175 238 4202 ,
250 4133 320 4189 seda
332 4132 437 4188 Christo
451 4130 603 4184 innovatum
615 4127 636 4181 ¹.
648 4124 709 4182 Fuit
723 4123 794 4180 cuim

102 4226 180 4283 rnoax
195 4233 379 4297 presumptor,
391 4231 418 4278 et
429 4230 518 4292 postea
532 4219 617 4276 onus
630 4226 671 4274 est
688 4215 796 4273 timidus

102 4334 135 4375 rr.
150 4317 314 4373 Prorniserat
327 4330 356 4370 se
368 4330 416 4385 pro
431 4313 541 4370 Domino
555 4312 722 4376 moriturum,
734 4323 795 4364 cum

102 4424 146 4479 pro
160 4408 205 4464 iiin
219 4414 290 4462 esset
303 4406 428 4461 Dominus
440 4402 592 4458 moriturus.
605 4399 715 4470 Quando
732 4412 796 4469 ergo

102 4507 137 4566 ιι,
153 4499 244 4554 i'eeurn
264 4513 307 4552 ero
328 4511 406 4567 usque
423 4494 458 4548 uri
478 4501 602 4556 mortem·
622 4500 658 4559 et,
679 4489 797 4544 Animum

114 4607 161 4664 pre
179 4600 204 4644 te
221 4583 477 4660 pontemtrespondit
490 4583 515 4638 ei
533 4581 668 4645 Dominus,
680 4578 798 4634 Animam

102 4698 143 4752 pro
160 4698 200 4736 rne
212 4680 308 4752 pones?
319 4678 398 4732 Arnen
416 4675 472 4730 dieu
487 4673 540 4738 tibi,
557 4673 702 4742 priusquam
715 4669 798 4742 poitur

102 4816 109 4841 ,
121 4784 159 4829 ter
169 4790 209 4828 me
219 4770 320 4843 neptabin
333 4768 408 4841 (bue.
421 4783 468 4832 xx,
478 4767 522 4832 55,
533 4766 577 4831 dd,
586 4763 678 4829 55-di,
688 4761 795 4816 ertone.

102 4866 142 4931 ii,
165 4864 210 4929 38,
229 4877 297 4928 ιιιι,
315 4858 420 4930 25-27).
443 4857 555 4912 Ventum
575 4861 616 4909 est
635 4852 668 4907 ad
683 4852 796 4906 boram:

102 4955 122 5011 ia
136 4955 207 5010 Deus
224 4960 282 5008 erat
291 4948 422 5012 Christus,
439 4947 518 5001 bomo
531 4953 619 5007 autem
631 4942 735 5008 Petrus,
750 4940 798 4996 im·

102 5057 143 5102 est
154 5044 299 5115 Scriptura,
320 5041 375 5112 Ego
397 5039 450 5094 daei
469 5039 497 5092 in
515 5051 606 5107 poem
625 5051 690 5101 nteo,
711 5033 799 5089 Dmrtit

104 5137 213 5193 mono
226 5134 310 5208 (Psoi.
320 5147 385 5200 oxu,
401 5128 633 5204 Diuiciacum
645 5126 798 5199 Apustoius,

102 5291 180 5351 uitem
190 5303 206 5341 e
215 5288 280 5340 colb.
288 5295 341 5337 ttss.
350 5286 390 5336 bie
399 5296 479 5335 sermo
488 5287 593 5342 notatur,
600 5278 693 5332 beibur
702 5277 801 5332 mbbuto

102 5366 117 5406 ι
130 5353 227 5413 mest,
238 5351 274 5399 uti
290 5348 364 5398 lubet
373 5347 450 5398 oociex
458 5345 525 5405 viet.;
536 5341 629 5394 sodium
639 5347 690 5406 post
700 5338 799 5391 Pusdtu.

102 5419 210 5529 m.
219 5417 304 5463 carent
313 5409 351 5461 bis
362 5407 452 5469 ιιιιιι,
463 5419 481 5456 A
488 5419 512 5458 re
521 5401 699 5466 minumum
708 5416 724 5453 o
732 5399 801 5454 ciui·

102 5509 221 5611 ueadatds
235 5553 265 5604 ad
282 5553 343 5603 datos
357 5550 388 5602 ci.
405 5546 660 5602 adcrescb.adcs.d.
673 5559 697 5598 n.
710 5552 763 5599 ιι.

102 5612 356 5682 mesammones.

824 348 955 416 Quoniam
965 347 1128 415 Desereree,
1137 350 1224 404 omnis
1233 359 1315 405 nunu
1324 349 1608 420 bomomeuduefflorn.

827 453 866 504 ur,
881 437 923 508 4).
939 437 1025 494 Vcrax
1037 439 1167 502 Ciuistus,
1183 441 1295 496 mendas
1310 440 1415 496 Petrus.

860 527 972 585 CAPUT
990 527 1021 583 it.
1031 559 1067 570 —
1078 529 1105 585 2.
1118 529 1188 585 Petri
1199 547 1271 584 antor
1280 530 1307 585 iu
1317 529 1534 587 conueniens.
1547 529 1610 588 ort-

826 628 866 675 tae
885 621 998 677 omniunt
1017 632 1147 694 pastorum
1165 624 1192 677 in
1212 621 1289 677 Petro
1303 623 1423 695 ppuroto.
1436 623 1514 680 biodo
1530 624 1611 695 quid!

826 712 974 784 interrogat
986 728 1050 770 eum
1063 714 1190 769 Dominus
1203 716 1223 781 ¹,
1238 715 1306 769 sieut
1319 714 1430 770 andbtis
1447 728 1507 771 cum
1522 715 1611 770 Evan-

826 805 923 876 geiium
933 805 1075 876 legeretur,
1087 813 1113 861 et
1123 805 1187 861 dicit
1197 805 1222 860 ei
1234 822 1242 859 t
1254 804 1343 860 Simon
1352 804 1469 870 ioannis,
1478 805 1564 876 diiiqir
1572 821 1613 861 nrt

826 900 885 970 pius
898 899 955 954 bist
965 897 1112 967 Respondit
1124 897 1184 964 ilie,
1195 904 1223 952 et
1234 896 1319 952 dixit:
1334 896 1434 960 Etiam,
1448 896 1569 963 Domine,
1583 907 1612 950 ιι

827 991 877 1045 sois
889 990 949 1060 quio
961 1006 1020 1044 omo
1031 998 1065 1044 te.
1076 987 1112 1043 Et
1122 989 1217 1043 iterum
1228 988 1355 1042 Dumium
1366 987 1417 1042 boe
1430 987 1611 1058 interrogauit,

828 1088 855 1136 et
866 1081 943 1137 tertio
955 1080 1006 1135 boc
1015 1079 1197 1148 interrogavit.
1208 1078 1242 1134 Et
1252 1077 1422 1148 respondenti
1432 1077 1611 1144 dilectionem,

828 1169 1023 1227 oommendarit
1034 1185 1151 1240 gregem.
1161 1169 1212 1224 Per
1221 1169 1323 1240 singula
1336 1167 1406 1223 enirn
1414 1167 1519 1224 dicebat
1528 1167 1613 1222 Doud-

829 1275 879 1315 uns
892 1260 970 1316 iesus
987 1260 1066 1316 Petro
1080 1260 1188 1325 dicenti,
1206 1258 1271 1313 Amo
1282 1271 1306 1312 te
1318 1274 1328 1314 :
1342 1257 1423 1314 Posce
1438 1273 1517 1329 opnor
1534 1272 1611 1321 meos,

830 1369 904 1426 posce
921 1354 1032 1408 mutar
1052 1368 1130 1407 meus.
1148 1350 1176 1406 in
1197 1365 1250 1406 uuo
1264 1350 1342 1405 Petro
1356 1348 1516 1420 Dgurabatur
1527 1348 1613 1402 uititas

830 1445 949 1499 omnium
971 1452 1117 1514 pastorum,
1140 1441 1188 1498 sod
1209 1441 1351 1503 bonorum,
1373 1440 1419 1510 qui
1442 1440 1528 1493 sciam
1550 1453 1614 1492 oues

831 1533 931 1590 Christi
945 1549 1055 1606 pascere
1064 1531 1180 1597 Christo,
1192 1546 1247 1587 unu
1260 1531 1321 1587 sibi.
1331 1529 1463 1601 Numquid
1477 1529 1556 1585 modo
1566 1529 1615 1584 Po·

831 1633 889 1680 trus
901 1623 1015 1680 mendax
1033 1631 1100 1690 erat,
1120 1631 1268 1677 autumare
1281 1636 1312 1677 se
1324 1621 1463 1675 Dominum
1479 1618 1615 1676 mendaci-

832 1722 873 1771 ter
895 1713 1090 1784 respondebat
1112 1712 1248 1770 veraciter
1270 1711 1323 1768 boe
1345 1710 1522 1780 respondebat
1540 1729 1547 1767 ι
1565 1710 1616 1765 boc

832 1805 904 1860 euim
916 1803 1102 1875 respondebat,
1113 1804 1183 1875 quod
1194 1804 1221 1859 iu
1233 1803 1314 1860 eorde
1322 1818 1373 1859 suo
1383 1803 1498 1858 ridebat.
1505 1802 1616 1872 Quando

832 1894 1175 1958 enmonocepanti
1188 1909 1268 1948 menen
1282 1908 1328 1963 pro
1343 1901 1368 1948 te
1379 1909 1481 1962 ponam
1496 1892 1530 1948 de
1543 1893 1617 1946 iutu-

832 1984 872 2040 ris
893 1984 976 2040 soiuit
997 1997 1158 2054 presumere
1178 1983 1286 2039 viribus.
1308 1981 1403 2040 Dmnis
1425 1993 1513 2039 autem
1536 1983 1616 2037 bonio

834 2074 920 2146 qualis
932 2075 968 2131 sit
981 2084 1043 2131 tuuc
1054 2090 1114 2131 ctum
1127 2075 1252 2145 loquitur,
1265 2075 1333 2130 iorte
1345 2075 1410 2139 scit;
1424 2074 1509 2144 quaiis
1522 2074 1616 2128 crasti-

834 2179 870 2220 no
881 2163 985 2221 iuturus
999 2165 1044 2231 sit,
1057 2165 1117 2236 quis
1130 2164 1197 2221 sciti
1209 2163 1360 2220 Berosabat
1372 2179 1437 2235 ergo
1449 2165 1542 2219 oeuios
1553 2178 1616 2218 suos

834 2257 867 2313 ad
879 2272 926 2313 eor
943 2272 1020 2313 suum
1038 2256 1144 2325 Petrus,
1154 2255 1261 2327 quando
1275 2258 1485 2327 interrogabatur
1497 2272 1512 2311 a
1526 2257 1615 2312 Durni-

836 2361 880 2410 no,
891 2355 919 2402 et
929 2345 1012 2402 iideos
1019 2346 1195 2416 respondebat
1203 2346 1274 2417 quod
1285 2346 1320 2401 ibi
1328 2346 1447 2402 uidebat:
1456 2346 1550 2415 Etiont,
1565 2348 1617 2403 Do·

834 2435 912 2502 nuru,
921 2445 948 2490 tat
956 2435 1072 2506 miamin
1083 2450 1141 2490 orno
1151 2445 1183 2490 te.
1194 2435 1269 2502 Quod
1283 2434 1330 2491 tibi
1345 2435 1414 2502 dioo,
1427 2446 1455 2492 tu
1467 2438 1520 2493 ocis
1530 2455 1538 2492 ι
1547 2439 1616 2510 quud

836 2526 880 2582 bic
894 2525 971 2583 rideo
985 2527 1012 2582 in
1033 2527 1114 2583 oorde
1134 2542 1205 2596 meo,
1224 2528 1299 2583 vidus
1318 2537 1346 2584 et
1358 2539 1395 2586 tu.
1408 2529 1465 2585 Non
1478 2543 1558 2586 ausus
1576 2539 1618 2587 est

836 2619 1020 2676 tameudieere
1029 2620 1099 2690 quod
1113 2621 1239 2676 nonnus
1250 2620 1468 2693 interrogaverat.
1477 2621 1535 2677 Non
1545 2624 1617 2679 euim

835 2711 1127 2782 titupiiciterDomiuus
1136 2710 1617 2784 dixeratDiiipitmeisedaddiderat,

838 2801 902 2858 Pius
913 2803 953 2857 bis
964 2803 1049 2874 diligis
1062 2802 1119 2857 rue?
1131 2802 1157 2858 id
1169 2813 1220 2868 est,
1236 2803 1299 2859 Pius
1312 2818 1356 2860 mo
1367 2803 1455 2874 diiigis
1466 2818 1544 2874 quam
1559 2803 1619 2859 isti?

839 2893 877 2949 De
889 2893 950 2948 aiiis
961 2892 1210 2963 discipulisdicebat
1221 2911 1228 2948 :
1241 2893 1286 2949 iiie
1298 2909 1351 2950 uou
1363 2894 1545 2966 potuitdicere
1557 2896 1619 2961 uisi,

837 2985 901 3040 Arno
913 2994 936 3041 te
949 3000 1021 3041 :uon
1034 3001 1116 3041 ausus
1127 2996 1169 3042 est
1177 2985 1277 3053 dicere,
1287 2985 1350 3042 Pius
1364 2987 1417 3043 bis.
1425 2987 1514 3043 Noiuit
1526 2989 1619 3044 iterum

839 3091 898 3132 esse
921 3076 1044 3133 mendax.
1071 3077 1218 3134 Subecerat
1238 3078 1262 3133 ei
1283 3078 1462 3134 testimonium
1481 3079 1621 3151 perbibere

839 3169 913 3225 oroi
927 3184 976 3225 suo
987 3186 995 3224 ε
1007 3184 1060 3225 ιιι
1074 3168 1165 3225 debuit
1177 3184 1238 3225 esse
1252 3169 1329 3240 judex
1343 3169 1431 3225 cordis
1444 3170 1533 3225 aiieni.

873 3258 987 3316 CAPUT
1005 3257 1049 3314 itt.
1063 3288 1099 3300 ·-
1116 3259 1142 3314 5.
1160 3258 1252 3314 Petrus
1264 3257 1522 3324 deserturncirirto,
1532 3269 1556 3314 et
1568 3269 1622 3330 post

839 3351 981 3407 roimutun
993 3350 1081 3407 Verax
1091 3364 1156 3422 ergo
1165 3351 1270 3418 Petrus,
1280 3366 1314 3406 au
1324 3366 1404 3407 verax
1417 3351 1445 3407 iu
1456 3352 1535 3408 Petro
1543 3351 1623 3408 Cirri-

840 3443 915 3499 stusi
926 3441 1038 3512 Quando
1054 3451 1142 3498 autent
1160 3442 1242 3497 roiuit
1254 3442 1380 3497 Dominus
1398 3441 1475 3498 iesus
1490 3441 1622 3510 cbristus,

841 3531 959 3588 deseruit
972 3531 1090 3598 Petrum,
1102 3542 1128 3587 et
1142 3533 1266 3587 iuuentus
1279 3541 1320 3586 est
1333 3531 1412 3586 bomo
1422 3532 1515 3586 Petms
1524 3550 1531 3586 :
1541 3549 1624 3600 quau-

841 3621 878 3678 do
890 3630 979 3679 autem
995 3622 1092 3692 placuit
1105 3622 1217 3677 Domino
1230 3622 1293 3679 Jesu
1306 3622 1423 3689 Christo,
1439 3623 1558 3694 irnptevit
1571 3623 1623 3680 Pe·

843 3723 924 3779 trum,
937 3721 966 3772 et
978 3713 1102 3769 iuventus
1115 3724 1157 3768 est
1169 3713 1262 3768 Petrus
1274 3729 1363 3770 verax.
1379 3715 1503 3770 veracem
1518 3715 1624 3771 Petrum

844 3814 917 3875 petra
929 3803 1030 3860 iecerat
1044 3821 1051 3859 :
1065 3804 1143 3859 Petra
1156 3805 1226 3859 euim
1240 3814 1297 3860 erat
1306 3803 1427 3860 Christus
1442 3805 1464 3877 (Ι
1476 3802 1534 3862 Gor.
1546 3821 1574 3872 x,
1584 3807 1623 3874 ii.

845 3897 879 3953 iit
891 3895 955 3967 quid
973 3897 999 3952 ei
1018 3895 1159 3960 nuntiauit,
1173 3895 1279 3966 quando
1293 3896 1371 3952 tertio
1389 3894 1525 3966 respoudit
1537 3911 1627 3952 amare

845 4002 876 4044 se
894 3985 1038 4050 Christum,
1052 3992 1080 4041 et
1098 3985 1176 4041 tertio
1190 3985 1316 4041 Dominus
1331 3985 1411 4042 Petro
1429 4001 1492 4042 suas
1510 3986 1627 4042 oriculas

845 4075 1057 4134 commendavit?
1070 4076 1258 4132 Prerrnrriavit
1270 4076 1295 4133 ei
1308 4077 1457 4147 passionem
1471 4075 1628 4134 suamdent

846 4182 920 4233 ιιιιι,
941 4165 1035 4236 inquit,
1051 4166 1150 4237 junior,
1169 4166 1284 4238 eingedtu
1295 4175 1330 4231 te,
1343 4176 1367 4221 et
1380 4165 1434 4222 ibus
1446 4183 1496 4240 quo
1507 4168 1628 4224 sciebas:

848 4273 906 4313 cum
928 4265 1012 4315 usion
1033 4257 1156 4323 senemr,
1172 4257 1289 4312 extendes
1300 4273 1390 4310 munus
1409 4265 1475 4324 tuor,
1493 4268 1517 4312 et
1530 4257 1594 4312 niter
1605 4267 1630 4312 te

847 4349 937 4420 ougo,
951 4357 975 4403 et
987 4351 1049 4420 [eret
1061 4363 1112 4418 quo
1124 4356 1151 4400 ιι
1163 4363 1214 4402 nou
1223 4349 1270 4403 oio.
1282 4348 1446 4419 Euattgeiista
1460 4349 1537 4405 uobis
1548 4364 1630 4420 expo-

848 4439 901 4493 suit
914 4434 978 4507 qctid
995 4437 1094 4493 dixerit
1105 4437 1236 4492 cbristus.
1248 4435 1305 4492 ttae
1317 4448 1401 4492 auctu
1412 4439 1519 4504 dicebat,
1533 4437 1628 4508 inquit,

848 4526 993 4600 significetur
1002 4544 1052 4599 qua
1064 4537 1142 4581 morte
1154 4528 1337 4595 clarificaturus
1350 4537 1413 4581 met
1423 4527 1505 4582 Deum
1516 4544 1526 4584 .·
1538 4529 1563 4584 id
1577 4539 1629 4598 est,

848 4619 909 4689 quia
920 4617 1077 4690 proCbristo
1090 4618 1176 4674 iuerat
1187 4621 1198 4652 ¹
1211 4616 1418 4689 crucifigendum
1433 4618 1484 4675 boe
1495 4629 1535 4676 est
1547 4622 1628 4687 euim,

850 4707 976 4763 detrudet
993 4723 1082 4762 ιιιιιιι
1104 4717 1170 4763 tuus.
1190 4705 1240 4763 Ubi
1261 4716 1304 4765 est
1325 4706 1371 4762 iiie
1392 4708 1632 4777 negatoriDeinde

848 4807 910 4868 post
928 4797 986 4854 baso
1004 4798 1043 4853 ait
1061 4797 1187 4853 Dominus
1203 4796 1324 4854 Christus
1337 4812 1346 4851 a
1361 4795 1470 4867 senei
1481 4813 1521 4853 nne
1532 4797 1629 4869 (ioan.

851 4904 912 4957 ιιι,
927 4889 1008 4946 tots
1020 4888 1041 4961 ).
1055 4888 1113 4945 Non
1125 4889 1165 4945 sie
1176 4887 1310 4959 quomodo
1320 4886 1400 4959 prius,
1412 4889 1517 4959 quaudo
1527 4890 1632 4946 vocarit

850 4978 1004 5051 discipulos.
1015 4978 1082 5035 bau
1101 4990 1129 5036 et
1146 4988 1209 5035 tuuc
1224 4979 1301 5045 dixit,
1315 4978 1424 5049 Sequere
1435 4996 1475 5036 me
1488 4997 1497 5035 .·
1508 4981 1555 5036 sed
1569 4990 1632 5037 tuuc

851 5071 884 5126 ad
897 5070 1055 5138 doctrinam,
1063 5069 1143 5124 modo
1151 5068 1185 5125 ad
1197 5083 1333 5137 coronam,
1344 5069 1475 5140 Numquid
1485 5085 1538 5125 uon
1548 5085 1632 5140 quau·

852 5161 887 5217 do
898 5160 1004 5231 negavit
1014 5159 1160 5226 Christum,
1172 5159 1257 5215 occidi
1279 5160 1381 5215 timuiti
1391 5160 1447 5216 iioc
1462 5161 1549 5216 timuit
1566 5162 1631 5231 pati,

851 5250 922 5323 quod
934 5266 1028 5324 passns
1038 5260 1080 5308 est
1088 5249 1218 5308 cbristus.
1229 5252 1283 5308 Sed
1294 5253 1348 5323 jam
1361 5255 1453 5309 timere
1465 5269 1517 5310 nou
1529 5254 1631 5312 debuit.

852 5344 965 5402 videbat
976 5344 1047 5402 enim
1062 5346 1181 5400 incarne
1193 5344 1339 5411 virentem,
1353 5361 1431 5416 quem
1445 5345 1544 5402 uiderat
1558 5347 1584 5402 in
1596 5346 1631 5403 ii-

885 5485 974 5533 Ιιιι.
989 5481 1061 5545 tugd.
1074 5488 1133 5530 teu.
1144 5486 1210 5541 tou,
1231 5478 1300 5532 uodo
1318 5480 1413 5546 picen
1427 5485 1557 5546 nuerrogut
1577 5493 1634 5532 eun

854 5543 975 5596 omniur.
1007 5549 1035 5591 u.

886 5609 896 5639 ¹
912 5605 948 5655 sie
959 5603 1068 5669 pictique
1081 5602 1138 5655 editi
1146 5617 1153 5665 ;
1166 5605 1189 5654 in
1201 5610 1238 5666 tn,
1247 5609 1309 5656 erut.
1340 5611 1369 5654 ιι.
