3728 6276
125 253 173 310 (in
738 247 766 304 S.
786 244 967 305 accusatur
985 243 1136 306 EPBCOPI

127 367 207 422 sicet
220 381 287 436 aqua
303 365 346 421 illa
360 363 476 436 ululatque
491 362 636 433 porticibus
648 359 812 432 cingebatur.
826 359 915 429 Quan·
970 358 1042 415 aisse
1055 361 1170 431 septimo
1184 359 1246 427 die,
1260 368 1288 416 ct
1301 359 1362 418 ideo
1373 359 1543 420 benedixisse
1556 375 1632 432 coar,

128 459 164 514 do
177 459 282 514 turbata
300 466 342 514 est
361 455 450 527 aquat
470 455 582 525 Quando
603 453 722 512 turbatus
740 461 783 508 est
802 451 915 524 populus
968 465 1029 506 eoa
1044 450 1202 506 lassitudine
1217 450 1330 508 refectus
1342 460 1394 521 est,
1407 467 1460 509 noa
1473 453 1632 526 intelligebat

126 550 289 607 ludaeorum.
314 549 349 605 Et
371 549 477 620 quando
494 547 615 603 turbatus
629 556 670 602 est
682 543 796 618 populus
810 543 915 599 ludaeo-
971 543 1032 612 quia
1047 542 1091 613 qui
1107 543 1189 599 aerbo
1201 541 1264 598 fecit
1276 544 1385 612 omnia,
1400 543 1505 616 fatigari
1522 558 1578 601 non
1591 553 1632 617 pat

123 659 201 709 rum,
228 643 278 699 nisi
301 641 407 712 ouattdo
426 641 500 697 venit
521 640 649 695 Dominus
670 638 749 694 iesus
770 635 914 692 cbristus?
968 642 1046 704 gant,
1070 641 1099 689 et
1118 632 1208 689 dicant
1226 634 1291 689 mibi
1313 633 1447 705 quomodo
1459 643 1551 706 posset
1571 634 1632 707 tang

126 731 219 788 Passio
238 730 359 798 Domini,
384 746 460 802 aquae
480 730 604 787 turbatio.
625 726 735 785 Turbati
760 735 823 782 suut
843 726 915 782 cnim
967 721 1078 779 dicens:
1093 721 1172 792 Fiam·
1184 728 1314 797 effaetam
1325 734 1371 779 eat.
1386 724 1505 782 llodiesi
1518 726 1560 782 sic
1572 724 1632 784 facil

125 822 230 891 dodaci,
252 822 358 894 quartdo
374 838 468 894 passus
486 831 527 877 cst
540 820 678 877 Dominus.
698 819 769 875 Ecca
781 817 815 874 ad
829 817 914 889 ipsam
967 814 1102 886 quomodo
1115 814 1177 872 fecit
1188 815 1269 882 Deus,
1284 817 1344 888 quis
1355 814 1500 888 fatigatum
1513 815 1588 872 Dicit
1602 832 1632 874 .·.

126 913 354 983 perturbationem
368 913 499 983 pertinet,
516 911 588 983 qttod
600 910 679 967 modo
697 908 844 981 legebatur.
860 907 914 964 Vo·
968 915 992 962 et
1005 906 1073 978 {octa
1084 914 1121 962 ert
1137 907 1192 962 toa.
1216 906 1298 975 ltem,
1321 905 1382 962 Fiat
1395 908 1604 977 firmamentum
1624 926 1632 964 t

125 1006 216 1061 lebant
239 1007 312 1062 illum
327 1006 411 1063 iudai
434 1006 573 1071 occidere,
598 1019 652 1060 non
671 1004 758 1061 solum
779 1003 841 1075 quia
864 1003 915 1058 ista
968 1006 1005 1052 cat
1016 994 1094 1069 (Gerr.
1109 1012 1128 1063 ι,
1142 999 1170 1065 a,
1184 996 1212 1065 b,
1228 997 1255 1070 l)
1271 1016 1278 1054 ε
1293 1007 1340 1054 aut
1351 999 1374 1054 si
1387 998 1466 1067 dixit,
1480 1008 1508 1056 et
1522 998 1625 1056 facturn

125 1095 240 1156 faciebat
262 1097 395 1163 sabbatis,
419 1096 467 1152 scd
489 1097 550 1169 quia
570 1095 667 1152 Filium
680 1095 727 1152 Dei
748 1109 778 1152 so
799 1093 916 1162 dicebat,
967 1088 1092 1160 fatigatas
1112 1099 1162 1145 est.
1177 1089 1437 1147 Alioloeobreriter
1451 1107 1459 1145 a
1473 1089 1632 1162 lpcedialt,

123 1188 253 1259 aqualem
275 1204 305 1245 se
324 1189 423 1246 faciens
436 1190 501 1246 Deo.
522 1188 689 1246 Aliterenim
704 1202 735 1245 sc
749 1187 854 1244 dicebat
869 1186 914 1242 Fi·
967 1191 1047 1246 aaut:
1069 1181 1124 1254 ipro
1137 1181 1281 1248 mmdaoit,
1302 1180 1632 1253 eramusmaerore

123 1277 190 1335 llum
205 1281 254 1337 Dei
269 1279 401 1345 Christus,
416 1280 493 1337 aliter
507 1280 605 1337 dictum
619 1287 661 1337 est
673 1277 837 1342 bominibus,
859 1277 915 1350 ligo
967 1272 1018 1342 Qui
1032 1288 1096 1346 ergo
1110 1274 1150 1330 sic
1169 1273 1241 1341 facit,
1262 1273 1396 1346 quomodo
1409 1275 1533 1330 laborati
1556 1273 1586 1332 Si
1598 1289 1632 1333 aa

124 1369 190 1438 diei,
202 1369 247 1426 Dii
259 1371 329 1435 eatis,
342 1381 366 1425 ει
378 1370 558 1440 filiidltiscimt'
569 1387 656 1426 amaea
668 1367 755 1442 (Ptol.
769 1384 859 1428 urst.
875 1365 913 1439 6).
967 1365 1083 1432 laborat,
1105 1365 1239 1438 quontodo
1258 1365 1422 1437 requiescftf
1441 1365 1495 1423 Sed
1515 1365 1543 1422 in
1565 1365 1614 1423 illo

124 1460 191 1516 Nam
206 1463 230 1518 si
250 1462 290 1517 sio
301 1475 330 1517 sc
343 1459 443 1522 laceret
457 1460 553 1517 Filium
570 1461 628 1530 Dei,
642 1459 777 1533 quomodo
792 1460 914 1531 quicum·
967 1457 1013 1514 ubi
1030 1457 1198 1529 aquiescere
1211 1457 1310 1513 dictum
1325 1464 1367 1514 est
1379 1457 1462 1513 Deam
1475 1456 1511 1513 ab
1528 1455 1632 1515 omoiltt

124 1567 177 1621 true
196 1550 277 1607 fremo
296 1561 385 1622 polest
404 1551 456 1608 dici
477 1552 547 1608 lilius
562 1552 609 1608 Dei
631 1550 696 1624 (per
717 1550 829 1623 gratiam
843 1550 914 1606 enim
967 1547 1017 1604 bus
1029 1549 1094 1622 suls,
1108 1549 1134 1603 in
1149 1549 1241 1619 requio
1255 1547 1306 1604 Dei
1317 1547 1424 1620 requies
1436 1555 1526 1604 nostra
1538 1547 1632 1620 signidt

124 1641 173 1696 Dei
194 1641 319 1697 dicuntur
342 1641 464 1698 homines
489 1641 535 1698 lllii
560 1639 635 1716 Dei),
663 1656 716 1698 aon
738 1642 915 1698 irascerentur
966 1638 1028 1710 qula
1042 1638 1094 1696 erit
1107 1639 1248 1695 sabbatum
1261 1638 1340 1709 bajus
1351 1639 1452 1707 saculi,
1465 1654 1527 1696 cum
1541 1639 1632 1697 trarasit

123 1721 220 1798 iudaei.
242 1731 295 1790 Sed
307 1733 368 1804 quia
381 1732 433 1788 alio
445 1733 525 1789 modo
545 1733 618 1789 illum
633 1732 814 1805 intelligebant
825 1734 915 1790 dicere
966 1738 1068 1785 ωιειεε.
1092 1729 1174 1799 Quasi
1188 1745 1234 1786 ser
1250 1730 1308 1787 dies
1320 1731 1411 1787 saeculi
1437 1731 1589 1789 transcunt.
1613 1730 1632 1790 tl

124 1824 221 1881 Filium
237 1825 282 1881 Dci
296 1840 327 1882 sc
340 1839 410 1890 esse,
423 1825 570 1883 secuudum
583 1824 653 1897 qarod
668 1835 720 1896 est,
736 1823 770 1880 la
790 1825 914 1896 principio
966 1821 1001 1877 ab
1022 1821 1106 1876 naam
1132 1838 1216 1894 usque
1237 1822 1270 1877 ad
1295 1822 1352 1880 Noc
1374 1822 1500 1888 translit:
1528 1824 1599 1879 alius
1617 1837 1632 1879 a

124 1916 322 1986 oratiorium,
344 1915 494 1972 etierbom
517 1926 571 1972 erot
592 1916 663 1988 apud
675 1916 774 1982 Deam,
801 1926 825 1971 ει
845 1915 915 1971 deoc
967 1929 1050 1986 usqua
1075 1914 1110 1969 ad
1136 1915 1270 1970 Abrabam
1295 1916 1419 1980 transiit;
1444 1915 1538 1971 tertius
1562 1915 1597 1972 ab
1619 1916 1632 1972 f

123 2017 177 2064 erat
195 2007 303 2063 Volero
323 2008 412 2079 (loon.
428 2024 447 2077 t,
464 2008 513 2081 l);
529 2016 557 2064 ει
569 2007 714 2063 secundom
729 2007 754 2063 id
767 2006 838 2078 quod
851 2005 914 2062 dicit
965 2006 1096 2079 usquead
1114 2005 1197 2061 Darid
1216 2007 1339 2073 transiit;
1361 2017 1472 2079 qtrartus
1490 2022 1505 2061 a
1522 2006 1606 2063 David
1625 2023 1632 2064 t

124 2100 283 2172 Apostolus,
308 2099 564 2171 Quieominfonna
578 2097 625 2154 Dei
638 2109 709 2162 erret,
734 2100 914 2170 nonropinona
968 2097 1228 2169 transmigrationem
1259 2097 1412 2170 Babyloniae
1447 2097 1576 2164 transitu
1608 2112 1632 2171 tp

123 2190 260 2250 arbitrator
279 2202 315 2247 ert
334 2208 390 2248 cccc
410 2207 436 2247 sc
454 2192 575 2263 equalem
587 2189 642 2247 Deo
657 2188 793 2264 (Plrilipp.
807 2206 842 2258 tt,
855 2192 912 2263 dl:
966 2189 1197 2260 transmigratione
1210 2188 1361 2261 babylonia
1374 2205 1458 2260 usque
1479 2188 1513 2245 ad
1535 2189 1632 2247 advent

123 2282 250 2339 videbant
263 2282 414 2350 homiaem,
438 2293 465 2340 ει
484 2283 678 2348 irascebantur,
701 2283 761 2353 quoia
783 2283 912 2354 aeqrtalem
966 2282 1030 2337 tarini
1054 2281 1138 2337 nostri
1160 2281 1224 2338 iesu
1242 2281 1351 2338 Christi.
1373 2282 1450 2338 blodo
1469 2291 1563 2339 sextas
1577 2282 1632 2340 dlct

123 2386 153 2428 se
167 2372 221 2428 Deo
239 2372 361 2430 faciebat.
376 2372 422 2429 llle
435 2381 524 2428 autem
540 2380 651 2428 noverat
664 2386 694 2428 se
705 2371 849 2443 mortalem,
865 2373 912 2429 sed
965 2373 994 2427 ln
1009 2384 1083 2428 sexta
1099 2382 1187 2439 aetate,
1213 2375 1239 2430 in
1255 2384 1331 2430 scrto
1351 2374 1394 2429 dic
1407 2388 1509 2429 sumus.
1536 2374 1609 2444 Ergo
1625 2390 1632 2430 ι

124 2463 170 2519 ubi
183 2464 222 2520 illl
236 2480 288 2521 non
304 2465 439 2522 videbant.
466 2464 542 2534 Quod
554 2465 625 2519 euim
647 2463 685 2521 ilfi
700 2463 835 2531 ridebant,
850 2479 912 2522 cru·
965 2481 1025 2520 mur
1048 2464 1082 2521 ad
1111 2465 1252 2537 imaginem
1270 2467 1326 2532 Dei,
1353 2469 1414 2538 quia
1438 2475 1513 2522 serto
1534 2466 1583 2523 die
1605 2467 1632 2522 fa

122 2554 232 2627 ailigere
248 2556 373 2611 uolebant
388 2573 394 2610 ε
409 2554 480 2626 quod
495 2570 549 2610 non
563 2554 698 2622 uidebant,
712 2553 747 2610 ab
759 2569 792 2610 eo
808 2554 912 2624 judica·
965 2554 1046 2611 bomo
1064 2554 1097 2610 ad
1113 2555 1255 2626 imaginem
1270 2556 1317 2611 Dei
1333 2554 1409 2627 (Gen.
1423 2571 1443 2622 t,
1457 2555 1518 2629 Ξῖ).
1542 2555 1621 2625 Quod

121 2647 230 2704 bantur.
265 2647 333 2716 Quid
358 2647 484 2703 ululabant
506 2645 617 2703 dodaci?
643 2645 720 2715 Quod
742 2645 866 2701 videbant
885 2656 913 2703 et
964 2647 1098 2714 formatio,
1113 2646 1165 2705 boc
1180 2649 1205 2704 in
1220 2649 1297 2705 nobis
1316 2649 1469 2704 reformatio
1486 2666 1493 2703 :
1508 2657 1537 2704 ει
1550 2647 1623 2720 quod

122 2739 260 2809 Apostoli,
275 2737 382 2808 artando
395 2736 461 2793 alsit
474 2736 632 2808 Philippus:
650 2735 761 2791 Ostende
774 2735 844 2790 nodia
859 2733 913 2790 Pa·
964 2743 1073 2810 mantio,
1094 2742 1145 2799 hoe
1162 2743 1187 2798 iu
1209 2742 1285 2798 nobis
1302 2743 1442 2798 recreatio.
1463 2741 1527 2798 Post
1543 2741 1630 2798 istum·

122 2840 202 2894 nerra,
221 2839 244 2883 ει
259 2831 349 2901 mfficit
362 2829 444 2885 anobis.
465 2828 534 2897 Quid
548 2837 637 2883 autem
653 2843 706 2884 non
721 2827 846 2884 ridebant
865 2827 913 2884 iu·
964 2850 1018 2906 qtro
1033 2833 1114 2889 modo
1131 2848 1238 2897 sumas,
1257 2841 1317 2904 post
1334 2834 1412 2889 istam
1440 2842 1563 2900 aetatem,
1581 2846 1632 2889 ren

120 2917 192 2975 dacii
227 2919 304 2989 Quod
329 2937 380 2977 uec
406 2921 456 2992 ipsi
479 2919 620 2992 apostoli.
645 2918 753 2990 arando
775 2920 913 2989 respondit
964 2924 1071 2994 requies
1082 2939 1143 2994 quae
1154 2925 1317 2995 promittitur
1331 2922 1632 2997 sanctis,quaeprangt

121 2997 250 3066 Dominus
265 3029 272 3065 :
287 3011 368 3067 forato
381 3021 492 3081 ternpore
504 3011 631 3066 uobiscum
642 3026 709 3077 som,
724 3020 747 3066 et
759 3026 810 3064 aaa
823 3026 913 3082 cogno
964 3015 990 3069 io
1009 3013 1063 3069 illis
1076 3012 1179 3069 diebus.
1199 3013 1267 3082 Quia
1280 3023 1307 3070 et
1327 3029 1421 3070 revera
1441 3021 1503 3085 post
1514 3014 1632 3086 omniaq

119 3103 189 3156 alitia
202 3105 260 3159 arel
284 3103 334 3171 Qui
349 3121 388 3158 ειε
401 3104 484 3172 aldo,
499 3102 566 3158 ciaet
585 3112 609 3157 ot
625 3100 730 3157 Patrem
751 3101 840 3173 (ioan.
855 3119 910 3173 xta,
964 3106 990 3160 iu
1014 3104 1130 3172 mundo,
1158 3104 1224 3160 nibil
1247 3104 1308 3160 fecit
1327 3113 1419 3175 postea
1442 3118 1542 3160 norum
1569 3104 1597 3161 in
1619 3121 1632 3162 c

121 3191 150 3258 8,
165 3190 204 3263 a).
232 3191 289 3248 llac
302 3207 367 3264 ergo
387 3193 414 3248 lo
429 3191 475 3248 illo
488 3190 573 3248 ludaei
587 3192 647 3264 quia
662 3190 753 3248 videre
766 3206 820 3248 non
834 3201 911 3264 pote-
964 3196 1031 3266 lpsae
1042 3206 1173 3252 creaturae
1187 3204 1377 3253 contestentur
1389 3205 1417 3252 ει
1429 3196 1632 3254 commutabant

119 3291 191 3348 rant,
206 3293 331 3354 utiquam
346 3282 480 3340 bominem
494 3283 638 3356 superbum
651 3292 679 3340 ει
700 3283 811 3354 impiam
827 3281 911 3340 lrabe-
963 3305 996 3346 ex
1013 3304 1067 3361 quo
1083 3290 1209 3346 institutae
1221 3297 1284 3346 sont
1294 3297 1440 3357 creature,
1454 3288 1522 3345 nibil
1542 3289 1632 3362 ampli

118 3370 202 3443 barat,
226 3375 355 3444 aeaualom
382 3391 412 3431 se
435 3375 576 3432 facientem
601 3374 667 3431 Dco.
693 3374 819 3431 Turbatio
842 3384 910 3442 erat,
963 3388 1018 3433 tum
1041 3389 1092 3434 est.
1113 3378 1167 3436 Sed
1189 3389 1294 3446 tamen,
1319 3380 1370 3435 nisi
1391 3380 1436 3436 ille
1456 3381 1502 3452 qui
1523 3378 1632 3447 fecit,-r

117 3463 276 3533 turbabatur
295 3480 380 3539 aqua,
404 3466 522 3537 Angelus
535 3476 654 3522 venerat.
681 3467 773 3523 Dictus
785 3476 826 3523 est
839 3468 909 3522 enim
962 3479 1082 3543 regeret,
1103 3470 1212 3527 eadcrct
1232 3471 1303 3543 quod
1327 3470 1425 3528 factum
1440 3483 1500 3540 est;
1523 3489 1579 3530 non
1595 3488 1631 3546 po

117 3563 146 3608 ct
158 3554 287 3611 Dominus
301 3557 388 3630 magri
407 3557 507 3612 consilii
528 3558 638 3630 Angelos
650 3557 726 3631 (faoi.
742 3574 783 3625 tx,
803 3557 838 3626 b,
858 3575 908 3614 tce.
962 3563 1149 3620 adratinistrare
1163 3564 1227 3621 illud
1241 3563 1313 3636 quod
1331 3564 1393 3621 fecit
1407 3566 1429 3620 ¹.
1451 3565 1519 3635 Quia
1537 3581 1632 3638 ergon

120 3645 215 3718 lxx),
237 3647 299 3718 qtria
312 3648 421 3704 nuntius
434 3649 577 3705 aolurttatis
591 3648 687 3704 Patris.
706 3648 824 3719 turgotus
838 3650 909 3706 enim
962 3654 1046 3711 ditum
1065 3665 1108 3713 est
1121 3664 1263 3725 creaturae,
1283 3657 1447 3728 reattieaisse
1459 3655 1547 3713 dictos
1558 3666 1602 3715 εει
1619 3673 1632 3714 a

117 3753 213 3808 grece,
229 3739 311 3807 latine
324 3740 433 3805 nuntius
447 3749 499 3796 est.
514 3741 549 3797 Et
561 3740 644 3797 babes
659 3741 798 3796 Dominum
817 3739 910 3797 dicen·
962 3747 1012 3803 bus
1033 3748 1157 3820 operibus
1175 3749 1230 3804 suis
1244 3766 1251 3802 :
1267 3750 1329 3820 quia
1342 3764 1407 3805 aero
1426 3748 1497 3819 quod
1516 3748 1582 3806 fecit
1602 3764 1632 3825 gt

117 3838 172 3886 tem
186 3832 347 3902 annuntiare
365 3846 396 3888 sc
417 3832 493 3889 nobis
506 3847 616 3904 rognum
630 3831 770 3890 colorum.
794 3831 911 3888 Venmat
962 3855 1016 3897 non
1034 3850 1139 3905 cessat,
1153 3849 1226 3896 recte
1248 3839 1315 3895 dfxit
1330 3840 1476 3907 Dominus,
1494 3839 1575 3897 Pater
1591 3858 1632 3899 ειε

118 3937 183 3992 ergo
196 3922 241 3978 ille
254 3923 343 4007 magni
357 3924 461 3979 consilii
476 3925 611 3994 Angelus,
638 3924 685 3980 scd
701 3925 830 3980 Dominus
852 3939 910 3980 om·
962 3949 1029 3988 arnae
1054 3941 1182 4003 operator.
1208 3930 1329 3988 intendat
1353 3930 1474 3987 Charitas
1497 3941 1598 3988 vestm.
1625 3932 1632 3990 l

117 4013 191 4075 nium
199 4013 907 4085 Angelorum.EtproptcrlrocAngelus,quiacarnem
961 4024 1125 4097 requiei-isse
1141 4023 1227 4079 dietus
1247 4033 1309 4079 esa:
1325 4021 1437 4094 perfecit
1448 4024 1521 4080 galim
1536 4017 1632 4096 opes-2,

116 4102 256 4188 suscepit:
278 4102 405 4173 Dominus
419 4112 508 4159 autem
523 4104 701 4174 Angelorum,
731 4118 763 4159 ex
783 4117 816 4159 eo
838 4105 908 4174 quod
961 4116 1072 4173 addidit,
1093 4116 1229 4172 Gubernat
1245 4115 1315 4187 quod
1330 4116 1392 4171 fecit
1408 4134 1415 4171 :
1430 4131 1495 4187 ergo
1509 4131 1563 4173 non
1576 4132 1632 4175 cett

116 4207 203 4245 ΜΝ
223 4208 268 4262 W
288 4193 374 4264 ipsam
394 4194 463 4264 [πω
483 4205 551 4260 Dim.
576 4204 599 4249 0⁸
613 4195 667 4249 fine
687 4196 743 4265 ὶιιθ
764 4198 908 4267 faciuntea!
960 4215 1058 4277 qrtanta
1084 4205 1211 4261 facilitate
1244 4205 1322 4272 fecit,
1353 4215 1426 4261 tanta
1456 4205 1585 4263 facilitate
1610 4222 1632 4281 p

116 4281 182 4336 ”filil
195 4280 285 4357 (hillo
302 4300 321 4349 Ι.
335 4284 374 4354 3)·
395 4283 423 4351 si
444 4286 516 4340 ellim
531 4286 625 4353 vitlm'ss.
640 4294 668 4340 θῑ
683 4284 786 4357 ΑιιθΙῑ·
802 4286 835 4342 Et
849 4287 909 4342 idel>
960 4296 1048 4353 Nolite
1067 4297 1138 4352 enim
1154 4305 1257 4367 putare,
1272 4294 1378 4364 fratres,
1392 4297 1454 4367 qtria
1467 4311 1519 4352 uon
1534 4296 1632 4355 laboral

116 4374 175 4443 5⁰⁸⁰
189 4373 275 4431 '³⁰¹¹ss
294 4392 347 4447 ⁰01¹
360 4385 415 4442 ⁸⁵⁸·
431 4376 492 4447 ‘fUia
507 4393 552 4449 im
563 4377 647 4447 ilmim
661 4379 728 4448 [ΝΜ
740 4384 798 4432 *Μ
811 4379 906 4432 omm'o.
960 4389 1105 4456 conderet,
1127 4399 1155 4445 et
1172 4390 1276 4444 laboral
1296 4389 1357 4459 qaia
1376 4389 1463 4460 rogit;
1485 4389 1623 4460 quomodo

115 4465 192 4533 Quod
207 4476 295 4529 atttem
309 4466 405 4524 factum
418 4477 469 4538 est,
493 4469 552 4524 sine
564 4467 652 4524 Verbo
665 4477 792 4539 operante
808 4467 907 4525 factum
961 4481 1082 4536 laborant
1102 4481 1147 4551 qni
1169 4478 1299 4535 fabricant
1318 4496 1424 4547 navem,
1449 4481 1572 4538 laborant
1585 4482 1631 4555 qui

115 4573 169 4613 non
191 4570 242 4615 cst.
265 4561 334 4618 Caro
348 4571 448 4637 autem,
468 4578 528 4633 arrae
552 4562 620 4618 facta
642 4571 684 4617 est
698 4572 783 4619 mater
794 4561 904 4632 Christi,
960 4581 1042 4645 nant;
1059 4571 1179 4626 borniacs
1194 4571 1265 4626 enim
1280 4581 1350 4626 saut.
1366 4571 1413 4627 llle
1425 4573 1495 4626 caim
1511 4571 1632 4642 quanml

104 4649 189 4705 anasei
204 4665 256 4705 non
272 4651 366 4726 potuit,
382 4653 432 4707 nisi
448 4653 633 4723 perverbum,
645 4652 716 4724 quod
731 4653 764 4709 de
776 4653 819 4709 illa
831 4665 904 4725 post·
959 4663 1043 4729 (lixit,
1059 4673 1086 4720 et
1105 4663 1171 4718 facta
1191 4672 1262 4731 sunt,
1286 4672 1358 4718 tanta
1381 4663 1506 4720 facilitate
1529 4673 1558 4720 ει
1577 4663 1632 4736 ludi

114 4754 146 4793 ιι
163 4749 252 4794 mlum
269 4749 328 4807 0⁵1.
343 4753 489 4799 crearetur.
958 4754 1075 4811 Verbum
1092 4754 1223 4826 gubernat
1239 4753 1339 4809 omnia.

150 4831 177 4885 f.
203 4830 309 4900 ffcqoier
333 4832 381 4888 Dei
407 4834 512 4920 septimo
535 4835 585 4889 dic.
617 4833 671 4890 Sca
695 4845 781 4890 ιειειει
806 4838 903 4892 mandi.
993 4845 1020 4900 5.
1043 4843 1091 4900 Dei
1113 4843 1268 4916 paersentia
1294 4845 1321 4899 ιη
1345 4845 1504 4901 ordinatione
1528 4847 1632 4902 malm

115 4921 249 4986 Qtvmvdv
263 4924 381 4994 ιιιιὶιιίῐ
394 4923 472 4990 ΒΜ,
488 4934 511 4979 et
529 4940 628 4995 ”mim
646 4936 774 4996 θιιιιῐιι·
799 4926 904 4983 Tullia·
957 4937 1019 5010 quia
1035 4936 1159 4992 ridentur
1171 4951 1304 5007 perverse
1324 4952 1369 4992 res
1382 4937 1515 5003 numano,
1529 4938 1632 4996 rideata

114 5015 212 5070 bantur
226 5029 290 5093 crgo
302 5014 396 5071 Jadaei.
421 5016 490 5085 Quid
509 5026 550 5073 est
572 5017 644 5073 hoc?
668 5017 765 5089 iltqnid
779 5020 827 5075 ista
843 5021 905 5078 facit
958 5043 1010 5083 non
1023 5043 1084 5084 esse
1102 5027 1321 5097 gubernationem
1334 5042 1424 5083 rerum
1441 5026 1630 5085 humanarum.

113 5110 255 5167 sabbatis?
273 5112 306 5167 Et
318 5113 434 5168 maxime
448 5111 481 5168 ad
500 5113 557 5186 ipsa
571 5112 652 5169 rerba
667 5112 770 5169 Domini
794 5132 800 5169 :
825 5113 905 5171 Pater
957 5119 1029 5174 cuim
1044 5118 1166 5176 homines
1185 5119 1211 5172 in
1229 5118 1293 5173 locis
1313 5118 1370 5173 suis
1387 5119 1565 5174 ordinantur:
1583 5118 1632 5177 scd

1 5231 3 5237 =
111 5219 182 5257 nuos
203 5220 282 5273 atquc
303 5221 369 5259 noae
388 5216 516 5276 operatior,
543 5215 567 5261 ει
585 5221 631 5278 ego
651 5221 750 5271 operae
774 5206 904 5263 Turbavit
956 5222 1008 5282 quc
1026 5210 1130 5266 videtur
1145 5211 1206 5280 qutia
1226 5210 1346 5265 ordinem
1363 5226 1417 5265 non
1436 5212 1534 5266 babent
1548 5213 1570 5264 ³.
1586 5212 1628 5269 Tu

111 5287 172 5350 illos
187 5293 258 5364 atrod
271 5295 413 5367 carnaliter
437 5295 637 5368 intelligebant,
658 5295 720 5366 auia
733 5295 847 5366 septimo
859 5297 903 5354 die
955 5303 1017 5358 ride
1035 5303 1097 5372 quiid
1110 5303 1177 5356 aclis
1197 5316 1279 5359 csse:
1299 5317 1359 5358 nam
1381 5303 1516 5374 utromodo
1536 5305 1632 5362 rolacr

112 5383 244 5453 requierit
255 5383 326 5439 Deus
338 5385 374 5439 ab
385 5385 509 5440 omnibus
520 5385 646 5456 operibus
660 5385 716 5440 suis
725 5384 800 5457 (Gen.
810 5403 847 5473 .¹¹’
860 5387 901 5456 ι).
956 5394 1029 5450 novit
1042 5393 1137 5449 artifex
1150 5393 1194 5448 ubi
1210 5403 1236 5448 te
1253 5402 1344 5463 ponat.
1359 5393 1492 5452 Pictorem
1506 5397 1628 5456 suendo.

112 5475 246 5545 Scriptum
268 5488 310 5533 cat
331 5477 402 5535 enim
427 5477 453 5532 in
467 5477 580 5546 Genesi,
604 5488 631 5534 et
654 5479 754 5550 optime
774 5479 900 5551 scriptum

112 5573 163 5630 cst,
177 5550 216 5621 ἐι
238 5567 397 5632 rationabile
418 5583 500 5639 quare
520 5547 648 5639 scriptum
671 5578 721 5625 est.
749 5569 791 5625 llli
812 5580 900 5626 autem
986 5549 997 5639 ζ
1008 5544 1632 5675 ῧὲὶξἧεῖωδξὲ’ρζ,ξζαῶῧὲιξιὲὲῗωᾞὲᾝ

111 5664 235 5738 putarttee
256 5659 333 5738 quasi
350 5657 432 5723 Deum
452 5658 588 5732 fatigatum
602 5666 662 5732 post
682 5661 771 5718 omnia
794 5662 920 5736 requic-v
956 5667 1034 5735 notet.
1138 5643 1145 5670 '
1271 5669 1273 5674 “
1403 5675 1406 5682 ’
1441 5674 1444 5679 ’
