3728 6276
119 239 187 300 ω,
721 221 749 278 s.
768 214 949 280 incusetur
970 215 1119 279 nrtscom
1680 226 1744 285 rm

117 352 229 416 sellem,
243 345 351 404 omissis
373 341 495 410 caeteris,
510 353 592 396 ttnum
613 337 782 391 institueram
795 331 905 387 dicere:
960 330 1033 386 enim
1054 333 1131 390 nobis
1151 342 1314 406 proponatur
1332 333 1475 393 imitandus
1496 334 1585 405 hers,
1604 341 1744 410 respons«

119 442 191 513 quod
209 455 270 496 cum
282 438 358 503 dico,
372 438 494 492 restituta
512 431 549 486 iili
569 427 665 499 puellae
678 424 808 491 sanitate,
821 420 908 478 subito
959 420 1075 478 humana
1096 423 1236 495 tragilitas,
1250 426 1361 482 multum
1383 442 1444 484 esse
1457 427 1491 483 ad
1504 443 1534 485 se
1547 428 1647 485 imitari
1668 445 1741 500 eure,

116 532 217 593 letitiae
231 530 359 586 tumuitus
373 534 482 581 exortus
495 531 551 589 est,
567 530 596 577 et
615 532 667 575 nos
684 517 762 574 aliter
780 512 909 584 compulit
958 512 1001 567 cui
1016 528 1069 568 εοε
1092 522 1180 584 potest
1197 517 1358 586 comparari.
1371 517 1400 574 Si
1418 517 1515 576 deinde
1536 520 1623 590 ipsius
1643 520 1744 580 hom

118 623 196 681 linire
205 636 367 681 sermonem.
380 621 450 690 Ergo
462 617 515 673 tale
532 615 568 670 ibi
585 611 740 670 miraculum
753 608 852 665 scimus
865 605 907 661 ia·
959 605 1042 661 nostri
1054 604 1120 662 lesu
1129 607 1227 663 Christi
1240 609 1273 664 ad
1293 609 1467 668 imitationem
1486 613 1563 670 nobis
1584 625 1745 686 proponam

117 724 192 770 ctum
203 711 363 768 intermuita
374 709 442 773 alia,
456 720 517 778 que
529 689 733 760 commemorari
744 701 908 770 utiquecun·
958 699 1127 769 exemplum,
1140 702 1184 771 qui
1201 712 1340 774 propterea
1362 718 1424 760 curo
1446 705 1518 762 Detts
1535 717 1628 776 esset,
1643 711 1743 768 mortali

117 814 162 860 cta
178 819 231 860 non
252 811 373 873 possunt.
396 799 490 855 llulier
508 795 629 868 quedam
650 792 739 848 amisit
758 791 786 847 ln
805 789 908 862 premio
957 803 1039 846 carne
1059 792 1171 847 aestima
1191 802 1247 861 est,
1260 803 1289 849 ut
1311 792 1464 853 bominibus
1484 798 1627 855 mortalem
1640 813 1742 858 rarum

118 902 292 965 egrotantem
316 892 400 946 lilium
422 887 641 945 catechumenum
661 883 788 940 infantem
809 881 908 936 iacten-

118 984 257 1053 temone
267 999 326 1039 cum
338 981 449 1037 vidisset
456 979 584 1034 amissum
594 984 621 1032 et
632 972 837 1045 irreparabiliter
847 987 908 1042 per·

119 1077 215 1143 ditum,
224 1075 369 1144 coepiteum
379 1073 461 1143 magis
469 1070 532 1126 dere
541 1067 664 1133 hdeliter,
672 1079 753 1135 quam
762 1072 847 1120 mater
854 1059 905 1136 (ε).

118 1168 178 1224 Non
193 1169 264 1225 enim
282 1165 329 1222 lilii
344 1165 385 1221 sui
407 1161 575 1219 desiderabat
594 1160 690 1222 vitam,
706 1156 759 1212 nisi
779 1155 804 1210 lu
818 1153 907 1210 tuturo

119 1260 237 1326 seculo,
251 1258 359 1314 ethanc
379 1256 428 1312 sibi
452 1255 566 1309 ablatam
588 1262 615 1309 ct
635 1250 736 1323 perisse
756 1247 906 1320 plangebat.

119 1349 230 1421 impleta
245 1349 342 1406 allecto
364 1346 468 1402 liducire
484 1343 543 1401 tulit
561 1343 635 1397 illum
654 1350 803 1407 mortuum,
818 1346 846 1394 et
857 1352 906 1394 cu-

119 1443 204 1498 currit
215 1441 248 1496 ad
264 1440 419 1496 memoriam
430 1438 498 1494 beati
512 1435 636 1507 martyris
644 1433 781 1504 Stephani,
791 1430 908 1501 etcoepit

119 1534 154 1590 ab
168 1533 213 1589 illo
225 1534 331 1603 erigere
344 1533 472 1599 hlium‚et
483 1529 574 1585 dicere
585 1547 592 1583 ι
603 1528 700 1585 Sancte
713 1535 822 1598 martyr,
833 1525 907 1580 rides

120 1628 222 1684 nullum
242 1626 309 1682 mibi
317 1623 477 1682 remansisse
489 1623 623 1677 solatium.
644 1619 703 1676 Non
715 1619 786 1677 enim
799 1631 907 1688 possum

120 1721 211 1777 dicere
236 1721 318 1774 litium
343 1716 530 1788 precessisse,
551 1726 631 1783 quem
652 1712 723 1767 norb
742 1710 865 1782 perisse:
879 1718 908 1764 ιε

120 1814 192 1869 enim
210 1810 284 1866 rides
305 1824 387 1881 quare
406 1808 538 1878 plangam.
558 1804 650 1861 hedde
663 1802 745 1859 hlium
760 1816 865 1867 meum,
878 1808 908 1856 ut

120 1903 232 1959 habeam
247 1916 308 1957 eum
321 1909 383 1955 ante
392 1907 563 1968 conspectum
573 1893 738 1952 coronatoris
751 1893 797 1948 tui.
809 1892 872 1948 llice
880 1898 909 1947 et

118 1996 181 2050 talia
194 2009 253 2048 cum
266 2001 430 2062 precaretur,
444 1989 568 2061 lacrymis
578 1987 692 2060 quodam
704 1984 784 2042 modo
795 1999 848 2041 non
863 1998 908 2053 pe·

118 2085 253 2148 tentibus,
266 2084 312 2139 sed
327 2091 357 2138 ut
368 2082 436 2147 dixi,
451 2079 616 2150 erigentibus
627 2076 746 2146 ,revisit
760 2076 828 2131 lilius
838 2074 906 2146 ejus.

118 2177 154 2234 Et
167 2175 228 2248 quia
240 2174 362 2236 dixerat,
376 2171 450 2228 Nosti
470 2185 554 2242 quare
573 2170 646 2225 illum
665 2182 781 2239 queram
797 2174 907 2222 :osteu-

118 2268 182 2324 dere
195 2266 277 2323 voluit
290 2266 369 2321 etiam
384 2266 454 2320 Deus
468 2277 558 2317 verum
581 2261 700 2315 animum
722 2257 815 2328 ipsius.
832 2255 904 2312 Con·

119 2360 194 2414 tiuuo
208 2357 269 2412 tulit
280 2356 353 2411 ilium
365 2354 398 2409 ad
409 2352 596 2424 presbyteros,
610 2349 758 2419 baptisatus
771 2355 829 2412 est,
843 2360 907 2403 satt-

118 2449 250 2505 ctiltcatus
275 2457 332 2510 ost,
348 2455 443 2500 unctus
465 2453 523 2508 est,
536 2442 658 2513 imposita
680 2449 722 2497 est
746 2440 772 2496 ei
793 2453 905 2507 manus,

118 2540 259 2610 completis
277 2537 401 2594 omnibus
419 2535 608 2599 sacramentis,
622 2539 773 2604 assumptus
792 2529 907 2586 catilla

118 2639 208 2684 autem
232 2629 276 2683 tali
298 2643 359 2683 eum
382 2640 441 2682 cum
462 2625 536 2680 vultu
558 2623 684 2687 deduxit,
705 2629 828 2694 tanquam
853 2635 907 2676 non

118 2719 263 2775 deduceret
273 2718 306 2773 ad
317 2717 435 2788 requiem
446 2716 571 2786 sepulcri,
582 2715 629 2770 sed
638 2714 672 2769 ad
685 2714 773 2769 sinum
783 2713 908 2784 martyris

118 2808 256 2880 Stephani.
273 2809 414 2864 Probatum
430 2815 471 2863 est
483 2822 530 2862 cor
544 2805 622 2861 ildele
636 2805 765 2861 mulieris.
778 2802 830 2860 Ubi
842 2818 907 2870 ergo

119 2901 171 2956 talc
183 2901 339 2956 miraculum
354 2899 414 2955 lecit
428 2899 499 2954 heus
517 2912 567 2968 per
579 2896 721 2968 liartyrem
739 2910 835 2960 suum,
852 2910 907 2951 uon

119 2993 206 3061 potuit
224 2992 260 3046 ihi
280 2992 345 3047 istos
359 2991 471 3046 curaret
483 2990 517 3045 Et
532 2999 621 3046 ιειεεε
643 2989 695 3045 huc
714 2988 792 3044 nobis
811 2987 906 3044 directi

118 3093 190 3136 sunt.
204 3081 332 3138 Conversi
347 3081 379 3135 ad
397 3082 556 3147 homiuum,
570 3090 623 3138 etc.

336 3192 449 3248 stoue
467 3192 687 3265 cetratus).
735 3179 738 3186 '

312 3313 338 3356 ιε
346 3305 419 3357 ttatah
431 3308 515 3370 viginti
526 3314 651 3372 uartyrum
663 3307 707 3370 (c).

155 3410 181 3464 i.
218 3407 395 3465 Soleooritates
434 3417 575 3479 martyrum
608 3425 653 3463 ear
689 3408 819 3464 institute.
858 3407 906 3466 ote

118 3498 231 3557 solemni
248 3509 399 3554 sauctorum
412 3497 555 3571 llurtyrum
568 3498 674 3554 debitus
684 3514 773 3556 sermo
791 3499 905 3556 reddeu-

116 3588 167 3646 dus
180 3597 231 3645 est.
247 3589 285 3644 lle
298 3589 382 3660 gloria
403 3597 547 3661 martyrum
567 3588 716 3655 locuturos,
733 3589 851 3646 breviter
861 3589 906 3659 y'u-

118 3691 186 3736 stam
200 3695 307 3735 causam
319 3690 465 3752 martyrum
479 3680 630 3747 locuturos,
644 3680 770 3751 adjurent
781 3695 830 3736 nos
842 3697 905 3736 ora·

117 3773 204 3827 tiones
225 3782 381 3844 martyrum.
398 3772 454 3828 lloc
474 3773 545 3828 enim
569 3789 616 3842 per
639 3772 704 3829 istas
725 3773 907 3830 solemnitates

117 3864 322 3918 commemorari
347 3863 426 3919 debet
447 3862 580 3919 Sanctitas
602 3873 708 3928 vestra,
732 3865 845 3935 primum
871 3880 906 3922 tte

117 3951 278 4008 arbitremur
291 3952 389 4024 aliquid
403 3969 452 4010 εοε
462 3952 586 4009 conlerre
597 3953 773 4027 martyribus,
788 3957 848 4027 quia
860 3971 915 4013 co·-

115 4057 175 4098 rum
189 4045 247 4100 dies
258 4044 467 4100 solemnissimos
479 4043 656 4101 celebramus.
670 4045 710 4101 llli
722 4048 819 4103 nostris
832 4048 907 4105 iesti-

115 4133 485 4204 sitatibusnortegettt‚r1uia
502 4134 529 4190 in
548 4135 624 4190 coetis
640 4150 700 4191 cum
720 4137 829 4207 Angelis
841 4155 905 4209 gau·

116 4221 203 4279 dent:
219 4223 384 4292 congaudent
406 4233 494 4278 :ouem
515 4225 607 4292 nobis,
624 4240 677 4280 non
699 4225 720 4280 si
744 4228 904 4287 honoremus

115 4327 179 4378 cos,
191 4313 239 4369 scd
257 4315 279 4367 si
296 4315 430 4368 imitemur
442 4329 499 4370 eos.
513 4313 669 4386 Quanquam
683 4325 710 4371 ει
730 4317 800 4386 quod
819 4317 904 4375 hono-

115 4419 223 4468 ramus,
237 4402 314 4458 rrobis
336 4403 460 4473 prodest,
475 4420 528 4459 uon
551 4403 615 4460 illis.
639 4404 693 4461 Sed
714 4406 863 4474 honorare,
877 4418 905 4466 et

116 4509 170 4550 non
186 4493 297 4560 imitari,
312 4494 376 4548 nihii
388 4504 429 4549 est
441 4494 511 4550 aliud
525 4510 605 4565 quam
619 4496 783 4554 mendaciter
791 4499 902 4557 adulari.

117 4586 158 4641 tid
175 4585 226 4641 hoc
240 4600 304 4656 crgo
319 4586 376 4641 istre
391 4585 548 4641 testivitates
568 4587 593 4642 in
615 4587 735 4645 Ecclesia
754 4591 904 4647 constitutur

115 4686 179 4733 sunt
198 4677 313 4744 Christi,
335 4685 365 4732 ut
388 4693 436 4747 per
456 4691 502 4732 eas
527 4680 696 4750 congregatio
723 4680 903 4738 membrorum

116 4769 216 4825 Christi
229 4767 404 4824 admoneatur
418 4768 514 4823 imitari
526 4779 656 4840 martyres
668 4769 776 4826 Christi.
790 4771 852 4828 liare
862 4779 906 4828 est

114 4861 225 4917 omnino
248 4860 326 4930 hujus
349 4859 500 4916 festivitatis
522 4860 637 4925 utilitas,
652 4862 703 4916 alia
724 4878 776 4919 nou
798 4874 848 4919 cst.
874 4863 904 4921 st

146 4977 156 4995 ·
168 4973 271 5024 collatus
281 4973 310 5023 ad
322 4986 354 5023 m.
367 4986 388 5023 r.
402 4987 448 5023 rm.
462 4981 479 5024 t.
491 4989 515 5024 r.
538 4984 564 5026 ει
581 4974 610 5025 ad
621 4976 689 5026 sirm.

158 5049 173 5084 ε
195 5041 275 5095 torte,
287 5043 402 5085 incerere.

158 5097 172 5146 b
194 5095 264 5154 alias,
276 5099 340 5146 inter
351 5097 527 5146 sirnrondiauos
537 5097 576 5148 bil.

157 5172 171 5208 c
193 5165 239 5208 ttos
249 5159 363 5208 bmonius
379 5157 478 5208 eosdem
488 5167 575 5209 censet
593 5171 648 5209 cum
659 5158 799 5223 ttamyrihus
809 5160 903 5224 mpintt,

113 5233 156 5330 gut
168 5219 229 5282 apud
240 5226 339 5268 Tarsum
350 5218 435 5268 tiliciae
446 5221 508 5282 passi
519 5221 566 5269 sub
580 5220 726 5272 Diocletiano
737 5219 852 5284 leguntur
862 5223 905 5275 die

144 5283 214 5344 junii.
225 5282 337 5330 biremes
351 5293 416 5340 esse,
432 5282 524 5330 metius
542 5282 619 5332 sidem
638 5283 684 5332 sibi
702 5292 785 5334 umnec
800 5285 904 5334 ειπεεε-

114 5343 169 5402 dus,
179 5343 248 5405 eujus
264 5354 309 5391 uos
325 5343 431 5406 opinioni
446 5340 540 5392 lucilius
554 5343 698 5394 accedimus.
714 5353 802 5396 imrutu
818 5355 905 5411 maty-

113 5415 169 5453 rum
187 5403 330 5452 memoriam
350 5403 457 5466 ttippone
474 5402 660 5454 celeberrimam
680 5407 754 5457 luisse
771 5405 844 5458 docet
862 5418 904 5458 tre

114 5467 236 5527 mamus,
247 5463 342 5535 illustre
349 5464 413 5527 quod
425 5467 449 5515 in
461 5477 490 5515 ea
501 5468 638 5540 contigerat
648 5468 787 5519 miraculum
797 5479 903 5518 eome-

115 5538 212 5576 nmmos
223 5528 247 5574 ιε
259 5524 320 5576 hbro
329 5525 361 5575 22
375 5525 407 5577 de
424 5527 525 5578 civitate
539 5535 591 5588 ber,
600 5540 652 5590 esp.
664 5529 688 5578 8.
698 5530 729 5578 td
741 5533 810 5581 istam
822 5531 903 5580 basili·

114 5599 167 5637 mm
178 5587 255 5635 dicbus
262 5588 306 5636 tuit
316 5595 398 5636 semro
406 5588 458 5639 tte.
468 5595 501 5640 be
509 5590 596 5641 iisdem
603 5590 688 5653 viginti
696 5592 834 5655 tturtyrihus
842 5592 903 5644 lorte

116 5657 154 5698 est
164 5659 245 5698 sertae
254 5651 415 5713 subsequens.

957 881 1111 950 perentibus
1133 883 1280 941 insinuaret
1301 895 1475 959 preceptum,
1499 897 1529 946 ει
1550 889 1744 950 demonstraret

957 972 1126 1042 exemplum3
1139 972 1174 1029 de
1191 989 1246 1045 quo
1262 976 1342 1032 etiam
1356 978 1482 1048 scriptum
1494 987 1551 1044 est,
1565 979 1683 1038 censu
1700 999 1742 1053 pre

957 1063 1028 1120 uobis
1041 1081 1130 1137 persas
1143 1075 1196 1133 est,
1209 1069 1353 1140 reliupaetts
1364 1072 1434 1126 rrobr's
1443 1072 1605 1143 receptae,
1618 1084 1648 1128 st
1658 1091 1742 1140 reare

957 1169 1014 1207 mur
1029 1157 1132 1227 euripis
1143 1159 1198 1230 eiua
1207 1159 1229 1231 (l
1246 1158 1317 1215 Petr.
1332 1177 1366 1226 tt,
1379 1159 1427 1233 bi)
1440 1179 1447 1217 r
1458 1173 1547 1218 tamen
1559 1174 1591 1221 ει
1606 1165 1651 1221 bie
1661 1166 1741 1223 sdhse

958 1245 1102 1315 respondet
1111 1246 1224 1303 humana
1237 1249 1377 1322 impilitas,
1386 1251 1454 1320 Quid
1466 1253 1555 1311 simile
1565 1269 1618 1326 ego
1628 1265 1657 1312 ει
1667 1256 1740 1312 Glrt'i·

958 1338 1030 1391 stusi
1045 1337 1092 1395 llle
1112 1339 1162 1395 etsi
1183 1354 1262 1407 earo,
1277 1351 1367 1399 tamen
1390 1343 1507 1401 Verbum
1532 1360 1609 1403 caro.
1641 1346 1741 1404 tates

958 1429 1029 1484 enim
1039 1435 1218 1502 rarefactam,
1229 1443 1258 1489 ιι
1271 1435 1393 1491 εειίιετει
1404 1438 1432 1493 itt
1449 1438 1521 1493 robis
1533 1437 1627 1512 (tom.
1638 1455 1665 1507 t,
1680 1443 1739 1514 idi:

958 1536 1065 1579 carnem
1077 1525 1235 1596 assumpsit,
1250 1541 1303 1582 nou
1322 1527 1438 1585 Verbum
1459 1530 1594 1600 perdidlt;
1610 1533 1739 1603 medusa

958 1623 1017 1669 crat
1027 1617 1145 1687 aceepit,
1160 1633 1213 1675 non
1226 1620 1296 1691 quod
1307 1631 1365 1677 erat
1373 1623 1472 1678 amisit.
1483 1621 1555 1678 beas
1566 1625 1642 1680 enim
1652 1634 1704 1679 ινα
1715 1626 1740 1681 is

959 1703 1058 1762 Christo
1072 1709 1193 1764 mendam
1204 1713 1370 1766 emmellinae
1382 1712 1430 1767 sisi
1441 1711 1475 1788 (ll
1489 1713 1551 1769 Gor.
1564 1731 1593 1780 v,
1609 1715 1667 1788 19).
1678 1715 1739 1785 orit

958 1810 1022 1868 ergo
1035 1797 1123 1856 simile
1137 1814 1186 1871 epo
1205 1809 1232 1858 ει
1243 1801 1382 1858 Christus?
1396 1802 1438 1859 td
1453 1803 1585 1860 tollendas
1594 1806 1677 1877 igitur
1686 1821 1739 1862 ert-

958 1902 1008 1943 nes
1019 1890 1203 1947 exeusationes
1212 1892 1327 1948 inlidelis
1341 1893 1515 1963 infirmitatis,
1528 1906 1663 1969 martyres
1672 1897 1739 1952 nobis

958 1987 1069 2034 stratam
1086 1991 1300 2038 construxerunt.
1322 1983 1446 2055 Lapideis
1467 1985 1538 2041 enim
1560 1986 1663 2042 tabulis
1681 2001 1739 2043 eon·

959 2069 1229 2142 semermemque
1244 2074 1331 2130 securi
1340 2074 1548 2131 ambularemus.
1564 2076 1617 2147 lpsi
1628 2074 1740 2133 iecerunt

959 2162 1087 2232 sanguine
1111 2177 1177 2230 suo,
1204 2164 1413 2222 coulessiouibus
1440 2165 1505 2222 suis.
1531 2167 1656 2237 Denique
1681 2182 1740 2223 eon·

960 2254 1067 2323 temptis
1078 2256 1234 2326 corporibus
1244 2258 1313 2322 suis,
1326 2260 1442 2315 sementi
1454 2259 1594 2330 adgentes
1604 2259 1740 2316 lucrandas

958 2342 1082 2413 Christo,
1098 2356 1221 2419 tanquam
1244 2349 1271 2403 in
1292 2350 1414 2420 jumento
1431 2350 1477 2407 illo
1497 2351 1622 2418 sedenti,
1636 2365 1739 2422 corpora

959 2450 1007 2493 sua
1030 2439 1099 2494 sicut
1119 2441 1275 2496 vestimenta
1296 2451 1447 2498 straverunt
1462 2442 1570 2515 (umet.
1586 2459 1651 2510 nr,
1665 2445 1693 2508 t,
1707 2444 1738 2514 8).

959 2530 1024 2597 Qtris
1047 2540 1105 2597 est,
1127 2547 1205 2603 quem
1227 2533 1325 2605 pudeat
1345 2534 1450 2598 dicere,
1475 2535 1566 2606 impar
1589 2551 1650 2592 sum
1675 2536 1741 2592 lico?

958 2620 1040 2677 Plane
1048 2622 1141 2694 impar.
1154 2624 1240 2695 impar
1249 2639 1306 2679 som
1316 2624 1441 2682 Christo?
1451 2626 1537 2682 Etiam
1551 2626 1740 2683 mortaliChri·

959 2721 1001 2767 sto
1016 2713 1110 2783 impar.
1130 2713 1226 2771 Petrus
1240 2715 1361 2772 hocerat
1375 2717 1444 2787 quod
1458 2727 1500 2784 tu,
1515 2718 1615 2775 Paulus
1628 2719 1680 2776 boc
1690 2728 1741 2775 crat

959 2803 1029 2874 quod
1043 2812 1087 2871 tu,
1101 2805 1219 2875 apostati
1233 2815 1259 2861 ct
1273 2807 1411 2878 Propheta
1424 2807 1476 2865 hoc
1492 2819 1569 2864 cram
1584 2810 1657 2881 quod
1669 2809 1741 2866 mhi

960 2895 1032 2967 piyct
1041 2894 1138 2951 imitari
1151 2897 1301 2960 Dominum,
1310 2898 1413 2954 imitare
1425 2914 1596 2956 consertum.
1607 2900 1741 2957 Praecessit

958 3001 1053 3059 agmen
1078 3003 1230 3049 serromm.
1250 2989 1354 3045 sublata
1376 2998 1418 3046 est
1437 2992 1575 3047 excusatio
1600 2992 1739 3063 pigrorum.

958 3079 1099 3136 Postremo
1110 3080 1196 3136 adhue
1213 3080 1278 3136 dicit
1288 3098 1296 3135 a
1308 3080 1395 3153 impar
1407 3095 1466 3138 sum
1480 3083 1576 3150 Petro,
1588 3085 1675 3154 impar
1688 3099 1740 3140 sun

958 3169 1051 3225 Paulo.
1064 3169 1152 3241 impar
1163 3185 1193 3226 es
1204 3171 1309 3226 veritati
1320 3172 1348 3227 ἰ
1359 3171 1506 3230 Coronatur
1519 3175 1677 3245 rusticitas,
1692 3191 1740 3232 non

958 3270 1100 3316 excusatur
1116 3262 1226 3316 vanitas.
1240 3262 1377 3319 Postremo
1390 3264 1475 3334 impar
1488 3280 1519 3321 es
1541 3267 1650 3335 pueris?
1662 3266 1741 3338 impar

958 3365 988 3405 es
998 3351 1108 3420 puellis?
1121 3353 1207 3422 impar
1220 3367 1250 3407 es
1267 3362 1366 3410 sancta
1381 3354 1546 3411 Valeriane?
1559 3357 1588 3412 Si
1600 3357 1688 3414 adhoc
1700 3373 1740 3416 se·

958 3444 1002 3511 qui
1014 3444 1100 3513 piget,
1115 3458 1167 3499 non
1181 3444 1222 3499 ris
1233 3444 1370 3501 adtrarere
1379 3444 1522 3502 Victoriae?
1532 3447 1578 3504 Sic
1586 3449 1658 3505 euim
1670 3450 1740 3507 nobit

958 3546 1109 3591 sanctorum
1122 3536 1213 3607 viginti
1223 3537 1366 3610 blartyrum
1378 3539 1461 3594 series
1471 3539 1581 3596 recitata
1595 3550 1646 3598 εει.
1660 3541 1741 3613 saepit

958 3629 992 3684 ab
1015 3628 1139 3698 episcopo
1163 3629 1301 3695 fidentio,
1315 3631 1412 3687 clausit
1432 3631 1467 3687 ad
1490 3633 1597 3689 lidelem
1619 3632 1740 3692 lemiosnt

957 3729 1075 3775 sanctam
1093 3720 1243 3777 Victoriam.
1255 3721 1384 3778 lnitiuma
1400 3722 1461 3789 lide,
1473 3723 1533 3780 linis
1545 3725 1581 3780 ad
1596 3727 1739 3783 victoriam.

992 3810 1020 3865 Ξ.
1035 3809 1069 3866 hc
1087 3813 1237 3884 asertoribus
1254 3830 1305 3868 uos
1325 3830 1399 3884 petro
1420 3815 1569 3883 attenditur,
1592 3819 1637 3872 ted
1657 3835 1739 3875 sassa.

957 3901 1148 3958 Donatistarum
1158 3903 1235 3976 [uisos
1250 3912 1371 3976 martyres
1383 3907 1474 3978 carpit.
1482 3905 1579 3964 Videte
1599 3923 1675 3981 ergo,
1694 3907 1741 3964 ira·

958 4003 1012 4050 tres
1027 4009 1034 4047 :
1048 3994 1088 4050 sic
1101 3994 1233 4051 celebrate
1247 3996 1384 4064 passiones
1406 4006 1561 4070 martyrum,
1579 4008 1609 4054 ut
1625 3999 1741 4072 cogitato

957 4085 1055 4140 imitari
1065 4093 1206 4157 martyres.
1222 4085 1260 4140 llli
1272 4096 1301 4141 ut
1312 4086 1472 4143 huctuosam
1485 4087 1739 4161 baberentpoeuam

956 4179 1094 4248 elegerunt
1116 4193 1234 4234 causam.
1259 4177 1437 4236 Attendenrut
1459 4181 1531 4237 euim
1548 4181 1690 4237 Dominum
1703 4182 1740 4237 di·

956 4280 1071 4337 eeotem,
1083 4269 1215 4326 nonBenti
1228 4271 1271 4343 pai
1292 4271 1489 4343 persecutionem
1507 4272 1661 4343 potientem
1685 4272 1738 4339 red,

955 4357 1028 4414 Bruti
1054 4361 1096 4430 poi
1120 4361 1314 4430 persecutionem
1340 4363 1471 4432 patienter
1494 4373 1600 4433 propter
1618 4365 1740 4436 §reddes

959 4445 1064 4521 (llatth.
1076 4463 1103 4516 r,
1115 4447 1169 4522 to).
1185 4448 1260 4521 Elige
1271 4465 1390 4517 caumm,
1401 4461 1429 4506 et
1451 4467 1504 4506 non
1523 4467 1607 4509 cures
1625 4467 1739 4525 poeuam.

955 4537 984 4596 Si
995 4548 1084 4595 autem
1097 4554 1149 4595 non
1162 4540 1238 4611 eligis
1249 4554 1368 4608 causam,
1384 4542 1504 4600 ethices
1516 4543 1544 4599 in
1561 4543 1652 4602 tuturo
1669 4547 1742 4603 inre·
1757 4571 1762 4587 ·

955 4630 1014 4685 εἰει
1024 4644 1139 4700 ρεεειε.
1149 4629 1209 4685 Νοε
1218 4641 1244 4686 ιε
1256 4641 1442 4687 commoveant
1460 4634 1590 4703 supplicia
1609 4645 1638 4693 et
1659 4650 1741 4707 poenn

957 4719 1190 4789 malefacientium,
1204 4722 1405 4793 sacrilegorum,
1423 4723 1541 4779 hostium
1556 4725 1643 4796 pacis,
1653 4738 1681 4784 ει
1694 4727 1741 4782 ini·

955 4811 1086 4868 micorum
1103 4812 1231 4867 veritatis.
1251 4811 1310 4868 Nou
1336 4814 1407 4868 enim
1429 4813 1467 4869 illi
1489 4829 1538 4885 pro
1557 4817 1672 4873 veritate
1687 4831 1741 4874 nto·

956 4907 1060 4962 riumur
1074 4923 1082 4960 ε
1098 4906 1145 4962 sed
1156 4905 1216 4962 ideo
1226 4907 1383 4974 moriuntur,
1396 4922 1430 4964 ne
1445 4909 1545 4964 veritas
1558 4911 1739 4975 annuntietur,

955 4998 1100 5053 uctoritas
1115 4996 1283 5067 predicetur,
1298 5013 1332 5053 ne
1341 4999 1441 5055 veritas
1451 5007 1586 5069 tenatur,
1606 5017 1642 5058 ne
1656 5003 1741 5059 unias

955 5088 1431 5160 ametur,mecharitasdilipatur.ne
1451 5092 1589 5148 aeternitas
1611 5103 1740 5151 ιεεεειιε.

955 5177 1065 5234 Ocansa
1077 5179 1207 5250 pessima!
1224 5179 1284 5236 ideo
1294 5195 1372 5251 poena
1385 5183 1558 5240 intruetuosa.
1573 5182 1634 5242 lion
1659 5196 1742 5242 ausa·

955 5270 1006 5337 dis,
1017 5273 1062 5342 spui
1076 5280 1101 5327 te
1114 5271 1149 5329 de
1159 5286 1238 5342 poeua
1248 5271 1344 5343 jactas,
1358 5282 1413 5329 tres
1430 5288 1522 5330 cruces
1532 5273 1626 5342 luisse,
1640 5275 1742 5348 quando

955 5364 1083 5421 horuinos
1102 5379 1196 5436 passus
1207 5365 1266 5421 est?
1278 5366 1350 5422 luter
1367 5365 1435 5423 duos
1456 5366 1574 5426 latrones
1590 5383 1687 5439 passm
1703 5376 1741 5425 est

956 5457 1084 5512 bertuinus
1100 5471 1196 5528 :poena
1212 5472 1266 5513 non
1282 5457 1459 5526 discernebat,
1479 5459 1527 5516 sed
1546 5475 1632 5517 musa
1645 5461 1741 5519 discor

987 5597 995 5626 ¹
1009 5592 1141 5644 victorinus
1157 5597 1198 5640 tts.
1209 5599 1305 5663 torpor
1321 5605 1347 5644 es
1364 5595 1558 5658 pomerariam.
1576 5604 1648 5651 torte
1660 5597 1744 5664 lepar-

956 5659 1026 5717 dum,
1039 5665 1116 5719 tmpnr
1128 5667 1153 5705 es
1164 5653 1309 5705 mereata?
