3728 6276
119 225 170 281 set

118 349 159 394 ost
177 328 323 392 veniamus.
343 334 484 399 Passiones,
499 331 592 403 inquit,
607 341 776 401 pacatarum,
792 345 848 400 qua
859 345 903 400 per

117 430 208 502 Aspera
224 441 292 492 suist,
303 429 470 498 operabuntur
479 429 506 481 in
521 426 636 480 rnembris
647 426 747 489 nostris,
760 435 787 479 ut
794 429 906 495 fructum

118 525 211 590 [errent
221 520 303 573 marti.
320 517 395 571 Nurac
407 535 466 588 erqo
476 517 587 570 euncunti
597 531 709 570 rttntnsa
722 513 789 587 Lupe
804 515 902 582 mortis,

115 611 142 662 in
154 625 204 679 qua
216 609 397 673 detinebamur,
409 609 444 661 ita
455 617 480 659 ut
489 608 626 661 serviamus
636 607 661 658 in
673 606 780 659 nouitate
789 605 902 676 spirituus,

117 713 199 755 etstan
211 701 237 755 in
253 709 370 755 retustute
394 700 490 754 litterar.
514 697 608 753 Adhuc
631 697 735 752 videtur
749 696 846 766 Legem
862 710 905 749 ar·

117 808 207 863 gnere,
226 793 344 863 arripare,
354 790 513 864 improbare,
527 791 653 845 detestari
669 788 737 844 :sed
756 802 808 843 non
824 787 904 842 intel·

117 876 273 955 liqentibus.¹
287 881 353 937 Cum
374 882 445 937 euim
460 880 535 946 dicit,
551 880 612 934 Cum
639 895 746 933 antuus
767 878 794 931 in
815 893 901 940 carne,

116 975 244 1047 parianu
258 982 416 1044 peccatorum
426 988 482 1042 qua
492 987 536 1041 per
547 967 639 1041 Ceqent
651 976 720 1035 sunt,
735 966 905 1038 operabantur

116 1069 143 1122 in
162 1065 279 1121 membris
291 1064 392 1130 nostris,
406 1072 433 1117 ut
449 1066 560 1136 fructum
571 1064 664 1134 [ment
676 1060 761 1114 marti.
777 1057 904 1114 Nuncer-

114 1172 147 1228 po
168 1156 280 1210 mnenon
293 1171 380 1209 eunius
391 1170 407 1206 a
419 1151 486 1225 chc
499 1150 595 1217 mortis,
617 1150 644 1204 in
658 1166 708 1222 qua
720 1148 902 1212 detinebamur,

114 1249 151 1301 itu
164 1259 192 1301 ut
204 1247 340 1303 serviamus
350 1246 376 1299 in
390 1245 498 1299 nouitate
518 1243 630 1314 spiritur,
643 1252 666 1296 et
681 1257 732 1296 non
743 1241 771 1295 in
781 1247 900 1295 uetustate

115 1338 214 1406 littera,
226 1337 300 1408 qnasi
320 1335 410 1407 ntique
424 1337 432 1367 ¹
452 1334 556 1390 ridetur
568 1334 665 1404 Legem
686 1347 812 1388 accusare
824 1340 903 1401 atque

114 1428 230 1498 culpare.
241 1426 313 1482 Vidit
324 1427 373 1481 boc
381 1434 409 1481 et
418 1426 484 1497 ipse,
497 1424 572 1492 uidit,
584 1422 666 1480 sensit
677 1437 767 1478 senon
778 1420 901 1492 intelligi,

114 1526 241 1574 utcontra
254 1517 441 1573 obscuritatem
456 1515 596 1571 uerborum
606 1528 714 1569 snorum
727 1511 902 1583 cogitationes

115 1608 253 1665 hominnm
267 1607 427 1663 commoveri
443 1625 451 1664 ι
464 1606 548 1662 sensit
560 1603 622 1677 quid
635 1604 721 1674 possis
732 1603 832 1669 dicere,
843 1617 902 1657 sen·

114 1703 148 1755 sit
161 1700 223 1771 qnid
238 1698 529 1770 possiscontradicerc3
544 1706 572 1753 et
583 1696 654 1766 prior
665 1694 717 1751 boc
729 1694 812 1750 uoluit
828 1693 902 1749 dice·

114 1807 152 1856 re,
166 1801 196 1846 ot
207 1800 234 1846 to
248 1807 299 1845 non
311 1790 427 1846 invenias
436 1787 507 1860 quod
516 1787 628 1843 diceres.

149 1880 261 1938 CAPUT
281 1879 322 1936 lli.
333 1911 369 1921 -
380 1881 406 1935 l.
429 1878 564 1950 Apostolus
577 1878 631 1948 ipse
649 1876 723 1948 lepis
735 1877 900 1948 reprenerrso·

115 1990 156 2028 res
176 1972 266 2027 ibidem
281 1973 431 2026 dumnot.-
442 1972 510 2039 Quid
521 1988 580 2042 erqo
598 1971 717 2035 dicemus,
729 1967 832 2040 inquiti
845 1968 901 2023 lloe

113 2067 241 2136 seqnitur.
254 2064 322 2131 Qrtid
335 2080 393 2135 aaa
406 2063 539 2117 dicemus?
553 2061 741 2133 Leapeccuturn
751 2061 807 2115 est?
819 2059 899 2113 Absit.

67 2208 70 2213 .
114 2157 260 2212 Unouerbo
268 2156 364 2226 Legem
375 2156 495 2221 absolvit,
510 2154 588 2226 Legis
596 2163 777 2210 accusatorem
789 2152 899 2208 damna·

112 2249 160 2302 rit.
181 2247 372 2303 Auctoritatem
394 2247 516 2318 Apostoli
536 2258 628 2303 contra
642 2261 685 2302 me
698 2244 895 2317 proterebas,o

114 2337 266 2403 llanichaee,
284 2345 312 2394 et
322 2337 429 2393 dicebas
442 2337 516 2404 mihi,
532 2353 591 2392 cnm
604 2335 701 2409 Legem
716 2335 899 2407 reprehende·

114 2444 165 2494 res,
180 2429 249 2484 Ecce
263 2429 330 2484 Audi
350 2426 516 2500 Apostolum,
528 2428 586 2499 lege
604 2429 780 2500 Apostolum:
795 2426 900 2484 Passio·

112 2539 156 2576 nes
174 2532 399 2593 peccatorumque
418 2536 462 2592 per
483 2519 573 2592 Leaen
591 2529 659 2588 sunt,
685 2519 854 2590 operabantur
870 2520 898 2574 in

110 2612 228 2667 manubria
246 2613 347 2675 nostris,
359 2620 385 2664 ut
405 2611 515 2681 [ructum
529 2610 621 2680 [errent
644 2611 729 2665 nrorti.
744 2608 821 2665 Nunc
840 2626 898 2682 erqo

116 2701 225 2756 macuati
243 2718 355 2756 sumusa
366 2699 432 2771 Leqe
445 2701 542 2765 martis,
556 2701 583 2754 in
594 2717 644 2771 qua
662 2698 844 2765 detinebantur,
863 2700 899 2753 ita

115 2804 139 2848 ut
147 2795 284 2849 sarciamus
293 2795 320 2847 in
331 2794 439 2848 nouitate
451 2793 565 2865 spiritus,
578 2802 602 2848 ct
612 2808 661 2847 nan
680 2792 707 2846 in
728 2791 898 2846 uetustateiit·

114 2896 182 2939 tera.
193 2883 317 2939 lacubus
325 2893 361 2950 te,
371 2884 514 2948 clamabas,
523 2882 640 2949 dicebas,
652 2880 730 2945 Audi,
743 2882 810 2952 lege,
822 2881 908 2936 vides*

113 2974 161 3029 ista
173 2975 289 3041 dixeras,
304 2984 331 3029 et
342 2974 396 3043 jam
411 2988 489 3029 uerso
505 2983 578 3042 tergo
594 2973 633 3027 ire
645 2972 779 3042 cupiebas.
795 2972 897 3043 Exspe-

111 3073 164 3129 cta,
179 3063 267 3118 audivi
279 3073 315 3126 te,
334 3063 394 3117 audi
411 3078 454 3117 me
468 3079 474 3114 :
491 3062 544 3116 imo
558 3077 607 3117 nec
619 3075 669 3131 ego
682 3071 717 3129 te,
731 3077 779 3116 uec
793 3070 894 3128 tutne;

112 3154 159 3209 sed
173 3153 252 3208 ambe
266 3153 343 3208 simul
358 3153 496 3208 audiamus
516 3153 680 3222 Apostolum,
696 3154 740 3223 qui
761 3153 839 3209 soluit
852 3168 893 3219 ee,

113 3254 139 3300 et
150 3243 239 3316 alligat
248 3252 284 3299 te.
300 3243 368 3310 Quid
381 3259 440 3315 erpa
455 3243 575 3307 dicemus,
589 3242 694 3314 inquit?
707 3242 760 3297 Aee
769 3250 898 3314 peccatum

112 3346 147 3390 cst
158 3336 171 3390 ‚⁹
184 3334 240 3390 lloc
252 3334 369 3401 dicebas,
384 3333 438 3389 Cea
452 3343 581 3406 peccatum
592 3343 637 3400 est,
652 3334 703 3389 lroe
715 3348 811 3404 nempe
823 3332 896 3388 dice-

112 3427 168 3482 bas.
180 3425 250 3481 Ecee
259 3425 356 3480 audisti
372 3420 450 3496 quod'
461 3424 577 3491 dicebas,
592 3424 653 3480 audi
668 3424 737 3495 quod
751 3423 833 3480 dieas.
848 3423 899 3480 Le·

112 3535 170 3591 gem
192 3519 238 3574 liei
252 3526 389 3588 peceatum
402 3533 461 3574 esse
480 3517 597 3578 dicebas.
611 3516 716 3586 quando
728 3531 787 3571 eam
807 3531 895 3572 eacus

112 3618 139 3664 ct
152 3608 313 3680 improvidus
327 3607 550 3679 reprehendebas.
575 3607 698 3662 Errasti:
713 3604 780 3661 vidit
794 3606 891 3663 Paulus

112 3715 229 3756 errorem
239 3710 321 3755 tuum.
331 3700 405 3768 Quod
418 3700 536 3767 dicebas,
551 3698 607 3771 ipse
619 3698 694 3754 dixit.
706 3697 774 3765 Quid
785 3715 845 3770 erqo
857 3699 898 3753 di-

113 3808 196 3846 cemus
206 3792 218 3845 i
229 3789 283 3845 Lea
291 3801 419 3862 peccatum
429 3791 483 3845 est?
495 3789 570 3856 Quod
581 3788 698 3855 dicebas,
710 3788 760 3846 hoc
771 3788 900 3845 dicimus?

62 3890 65 3895 ’
114 3883 167 3938 Les
190 3893 319 3954 puratum
332 3892 367 3938 est
379 3884 392 3937 ?
406 3882 485 3937 Absit.
495 3881 525 3938 Si
546 3882 665 3951 Apostoli
684 3881 839 3952 sequebaris
850 3896 900 3936 an·

112 3975 271 4037 ctoritatem,
291 3972 411 4045 appende
430 3973 551 4038 verbum,
569 3972 738 4042 etcapeinde
750 3973 900 4028 eonsilium.

113 4061 193 4129 Audi,
203 4060 257 4116 Aca
266 4071 393 4133 peccatum
405 4072 440 4116 est
451 4063 463 4117 :²
474 4061 554 4116 Absit.
567 4061 646 4127 Audi,
657 4061 736 4116 Absit.
746 4062 774 4118 Sl
784 4062 899 4131 Aposto-

114 4151 168 4205 lum
180 4152 308 4222 sequeris,
320 4151 342 4206 si
352 4151 410 4221 eius
420 4151 602 4207 auctoritatem
615 4151 721 4221 plurimi
731 4152 834 4222 pendis,
848 4167 898 4207 au·

114 4241 152 4307 di,
176 4240 309 4297 Absistet
333 4240 404 4311 quod
430 4240 601 4307 sentiebas,a
621 4240 735 4296 teabsit.
751 4240 819 4308 Quid
842 4257 900 4313 erqo

114 4334 247 4389 dicuntur?
260 4333 327 4401 Quid
342 4332 483 4389 dicemusl
496 4333 556 4403 qnia
565 4332 631 4400 diui,
644 4330 779 4387 Passiones
787 4341 901 4398 pcccato-

115 4442 172 4479 suin
183 4441 240 4497 qua
248 4442 292 4496 per
305 4424 397 4495 Aequus
408 4435 477 4488 sunt,
494 4423 661 4493 operabantur
672 4422 699 4475 in
720 4422 835 4475 numicis
850 4439 898 4477 no·

113 4518 181 4582 stris,
193 4526 220 4571 ut
233 4519 342 4588 [ructum
353 4516 447 4585 {errem
458 4516 532 4569 morti
542 4529 552 4579 ,·
568 4514 629 4584 quia
643 4513 708 4578 diui,
720 4510 841 4567 Evacuati
855 4531 899 4568 su-

115 4609 275 4682 ntusabeqe
301 4609 399 4673 retortis,
419 4608 446 4662 in
471 4623 520 4678 qua
541 4604 804 4674 detinebamur,·quia
835 4605 899 4668 dixi,

733 218 763 276 S.
783 215 964 274 Ababsttttt
983 216 1135 276 eetscoet

960 329 1034 384 mihi.
1050 331 1117 387 eata
1131 340 1171 388 est
1180 332 1235 390 Lex
1247 331 1398 406 quedieit,
1416 332 1475 390 Non
1495 336 1740 411 compluentibus

960 436 1009 477 nee
1027 422 1181 480 luxoriosus
1200 423 1264 480 mibi
1285 433 1313 480 et
1326 440 1438 496 nequam
1453 426 1550 496 aliquis
1570 429 1736 497 responderit.

961 516 1064 570 Etenim
1083 524 1111 571 et
1133 516 1183 587 ipsi
1197 515 1322 573 homines
1335 517 1457 588 flagitiosi
1475 518 1583 588 quando
1604 521 1737 589 repreben-

958 606 1066 674 duntur,
1080 609 1257 675 erubescnut3
1270 619 1298 664 et
1318 608 1424 679 quando
1438 618 1500 665 sunt
1512 610 1583 666 iuter
1594 621 1693 677 castos,
1704 612 1736 668 ls-

958 698 1053 753 scivire
1066 698 1236 754 nonaudent.
1260 699 1290 754 Si
1303 714 1367 769 ergo
1386 700 1483 754 malam
1499 699 1735 773 dieiseeselaeneu

957 807 1015 860 quse
1030 791 1111 857 dicit,
1140 788 1201 845 Νοιι
1222 791 1401 864 cotuupisces,·
1424 793 1532 863 impune
1554 793 1597 849 uis
1618 795 1734 864 ιιιιιιιιιι·

957 896 1045 947 scere3
1060 896 1169 938 accusas
1190 882 1287 954 Legem
1299 922 1307 947 .
1320 883 1381 954 quia
1396 887 1509 953 permitit
1521 884 1673 942 libidinem.
1682 886 1735 942 lira·

958 981 1011 1027 tres
1022 974 1074 1028 mei
1087 1015 1094 1039 ,
1109 973 1132 1028 si
1144 988 1197 1029 non
1206 973 1359 1031 audiremus
1368 975 1523 1045 Apostolum
1532 975 1681 1045 dicentem,
1691 977 1735 1034 bes

957 1071 1083 1132 pacatum
1106 1065 1163 1119 est?
1183 1065 1274 1130 Abeitr
1287 1064 1335 1121 eed
1361 1065 1546 1123 tantummodo
1564 1067 1649 1125 reth
1668 1067 1735 1139 uas

955 1163 1206 1210 commemorantem
1218 1195 1226 1222 ,
1239 1154 1283 1211 nbi
1294 1155 1464 1224 dictumest,
1480 1155 1542 1210 Nan
1564 1158 1733 1229 myiscas

955 1245 1035 1300 etiam
1052 1247 1149 1319 Legem
1173 1247 1218 1303 illo
1235 1262 1290 1303 non
1305 1248 1445 1315 laudante,
1460 1263 1509 1304 nos
1523 1257 1614 1306 umen
1638 1249 1735 1309 onan

955 1336 1129 1393 deberemus:
1144 1339 1214 1395 illam
1234 1339 1360 1407 laudare,
1374 1355 1423 1396 nos
1440 1355 1578 1397 amouere.
1590 1342 1662 1398 Ecce
1672 1343 1733 1408 les.

954 1442 1017 1484 ecce
1030 1429 1145 1501 desuper
1157 1431 1219 1487 tuba
1237 1430 1327 1488 diuina
1341 1432 1438 1488 clamat
1448 1433 1547 1490 homini
1559 1474 1569 1502 ,
1581 1433 1645 1490 Nan
1654 1451 1734 1491 ιιιιι·

954 1520 1043 1590 pisces.
1060 1519 1121 1577 lllan
1134 1523 1311 1594 concupisces,
1326 1523 1491 1594 reprehende
1504 1524 1527 1578 si
1542 1533 1638 1595 potes;
1649 1525 1734 1593 iamsi

953 1610 1151 1679 reprehendere
1169 1627 1222 1667 non
1235 1622 1321 1684 putes.
1342 1614 1463 1682 Audisti,
1482 1613 1543 1671 Nau
1563 1618 1731 1688 ιοιιειιρίιιιι,

953 1701 1148 1769 reprehendere
1162 1718 1215 1759 non
1227 1702 1320 1761 andes.
1330 1704 1397 1774 Quis
1409 1705 1507 1761 bonum
1519 1716 1563 1762 eet
1581 1707 1653 1778 qood
1661 1706 1732 1775 disi,

953 1790 1015 1846 lton
1037 1795 1215 1865 concupitum
1238 1795 1339 1851 malum
1364 1803 1407 1853 est
1428 1798 1628 1868 concupiscere.
1648 1799 1730 1855 llalun

952 1885 1041 1955 culpat
1055 1885 1119 1951 Lex,
1135 1901 1150 1940 a
1163 1894 1209 1941 tuo
1218 1887 1289 1941 malo
1302 1895 1327 1943 te
1341 1887 1463 1958 prohibet
1474 1888 1539 1944 Lex.
1555 1889 1629 1962 lquo
1643 1904 1732 1947 conu-

952 1975 1055 2044 piscere
1068 1976 1166 2031 malum
1189 1977 1278 2048 culpat
1290 1976 1364 2044 Lex,
1379 1993 1395 2032 a
1418 1988 1464 2033 tuo
1486 1979 1558 2034 malo
1571 1989 1599 2035 te
1622 1980 1733 2051 probibet

951 2065 1017 2121 Lex.
1033 2065 1102 2136 Ergo
1116 2066 1156 2122 iae
1167 2068 1237 2138 qnod
1249 2067 1325 2139 jubet
1338 2068 1404 2136 Lex,
1418 2069 1472 2125 noli
1486 2068 1575 2126 lacere
1589 2069 1661 2141 qood
1671 2079 1731 2127 rust

952 2155 1024 2220 Lex,
1040 2158 1094 2212 noli
1105 2159 1306 2230 concupiscere.
1619 2199 1622 2203 ‹

987 2247 1098 2304 CAPUT
1114 2248 1146 2304 l.
1160 2249 1231 2304 -6,
1251 2248 1464 2322 Concupiscentia
1475 2251 1571 2305 ndum
1584 2261 1644 2307 unte

951 2339 1073 2411 ipnatunr.
1096 2339 1149 2395 Sed
1182 2339 1245 2411 qnid
1269 2341 1307 2395 ait
1326 2341 1490 2411 Apostoinsl
1511 2339 1730 2414 Concupiscentia

952 2428 1104 2494 nesciebam,
1117 2430 1167 2484 nisi
1187 2429 1241 2484 bec
1263 2430 1376 2499 diceret,
1392 2429 1452 2485 Non
1475 2432 1646 2504 cancupisces.
1670 2432 1731 2488 tuan

950 2519 1021 2575 enirn
1032 2520 1337 2590 postooneupisoentiam
1349 2536 1444 2587 meam,
1456 2530 1483 2577 et
1492 2537 1544 2593 qua
1552 2523 1729 2579 trabebstcur·

950 2610 1053 2677 rebam,
1067 2609 1180 2680 ejusque
1194 2611 1332 2666 illecebras
1347 2610 1465 2675 blandas.
1480 2619 1509 2666 et
1520 2627 1554 2668 ex
1568 2615 1668 2669 carnali
1676 2628 1728 2669 ιιι·
1765 2606 1772 2615 '

952 2702 1033 2758 avitare
1044 2701 1174 2771 iracundas
1197 2717 1319 2773 magnam
1335 2702 1484 2758 ieiieltatem
1503 2704 1661 2761 arbitrabar.
1673 2704 1729 2759 lae

950 2793 1025 2846 datur
1033 2793 1102 2847 enirn
1110 2801 1234 2862 peccator,
1245 2792 1281 2845 ait
1288 2792 1354 2857 Len,
1364 2792 1391 2846 in
1401 2792 1533 2848 desideriis
1539 2795 1632 2849 omnia
1642 2801 1729 2861 suurn

949 2883 1088 2955 quiiniquu
1097 2883 1170 2954 perit,
1181 2883 1334 2937 benedicitur
1345 2880 1477 2950 (Penius,
1487 2882 1645 2955 b).lnvcnis
1657 2885 1728 2941 boni·
1767 2914 1770 2919 ·

950 2971 1729 3046 nerneonoupisccntiassuascarnalesseetantem,totnunqttt

950 3077 979 3117 se
987 3061 1038 3116 illis
1050 3072 1156 3116 servum
1163 3062 1316 3128 donantem,
1326 3063 1450 3132 nuncupari
1459 3061 1576 3134 undique
1586 3066 1729 3136 voluptates.

950 3153 1729 3228 iorrtioari,inebriari;nondicoamplins;lornieeri,iuqmn,

950 3245 1730 3317 inebriarilleocdixiquaelicitecommittuntur,sednonbti

951 3335 1061 3407 legibus.
1072 3335 1730 3409 Quisenimaliquaudoadiudiccmdootusestqnit

950 3427 1100 3483 meretricis
1113 3427 1223 3497 lupanar
1236 3427 1361 3482 intrauit?
1376 3428 1441 3497 Quis
1456 3429 1601 3499 aliqnando
1614 3431 1641 3485 in
1656 3431 1730 3501 publi·

951 3518 990 3575 cis
1000 3519 1174 3575 tribunalibus
1183 3529 1321 3575 accusatus
1335 3528 1395 3585 est,
1408 3521 1468 3591 quia
1477 3536 1527 3591 per
1536 3536 1601 3578 suas
1614 3523 1730 3596 lyristrias

952 3610 1067 3665 lascivus
1088 3610 1291 3681 immundusque
1313 3608 1517 3680 dessusitlQois
1538 3613 1729 3684 aliqnandoln·

951 3700 1017 3757 bens
1031 3716 1150 3766 osorem,
1164 3702 1224 3771 quia
1237 3701 1357 3755 ancillam
1368 3715 1443 3756 suam
1456 3702 1575 3770 utrtartt,
1589 3704 1686 3760 crimen
1696 3703 1729 3757 iu·

952 3792 1041 3846 reniti
1050 3791 1102 3846 Setl
1117 3793 1143 3845 iu
1154 3790 1221 3856 iore,
1236 3805 1287 3845 non
1299 3790 1325 3844 in
1338 3790 1424 3857 coelo;
1444 3791 1471 3846 in
1494 3791 1553 3863 lege
1566 3793 1674 3860 mnndi,
1685 3807 1728 3847 not

953 3883 979 3938 ln
993 3883 1051 3953 lege
1061 3882 1196 3938 Creatoris
1216 3881 1316 3937 mundi.
1331 3882 1494 3937 Luxuriosus
1506 3892 1616 3950 anum,
1630 3886 1728 3940 iun-nn·
1768 3888 1772 3931 .'

953 3974 1002 4030 dus
1014 3985 1093 4045 atque
1105 3973 1286 4029 lascirnsieliu
1295 3973 1392 4029 dicitur
1402 3975 1537 4031 abundare
1547 3976 1725 4049 uoluptatibus.
1767 3974 1772 4037 t

953 4063 1003 4122 iroi
1015 4065 1128 4121 deliciis.
1140 4065 1264 4121 bautroro
1277 4067 1300 4121 si
1322 4080 1352 4121 se
1364 4066 1444 4120 etiam
1466 4067 1529 4122 nino
1543 4069 1695 4141 irrqorpjtet,
1708 4065 1725 4120 si
1769 4050 1772 4125 s

953 4155 1026 4211 bibat
1049 4170 1188 4211 mensuras
1208 4155 1267 4211 sine
1285 4171 1429 4221 mensum
1446 4171 1538 4225 parum
1557 4160 1671 4230 estquis
1683 4170 1724 4211 not
1762 4156 1772 4275 q

954 4245 1055 4300 inuenit
1067 4245 1180 4309 crimen,
1193 4246 1272 4300 etiam
1285 4245 1332 4299 uiri
1344 4246 1418 4301 lortis
1427 4247 1521 4316 accipit
1535 4263 1651 4304 nomen:
1665 4254 1723 4303 unu
1764 4278 1772 4345 q

953 4335 1076 4406 nequior,
1090 4345 1189 4405 quanto
1201 4336 1251 4390 sub
1264 4336 1360 4406 poculo
1375 4336 1506 4392 invictior.
1521 4337 1590 4393 Cum
1603 4338 1722 4395 laadtnw

954 4427 1015 4493 ista,
1030 4425 1177 4491 etdieitnr,
1193 4425 1267 4480 Felix
1281 4434 1338 4491 est,
1353 4441 1464 4496 magam
1475 4435 1536 4493 est,
1551 4427 1622 4487 bene
1632 4425 1719 4487 mitt:

953 4525 981 4572 et
1003 4532 1055 4571 non
1079 4517 1164 4571 solum
1177 4514 1228 4571 boc
1251 4530 1304 4571 non
1319 4524 1426 4587 putator
1442 4530 1503 4571 esse
1526 4510 1719 4586 peeestnu,sei
1764 4506 1772 4557 l

954 4607 1034 4662 etiam
1047 4616 1155 4677 putatur
1165 4606 1208 4661 rel
1222 4606 1269 4661 liei
1281 4605 1398 4671 donum,
1409 4606 1451 4660 rel
1464 4614 1539 4662 certe
1551 4622 1651 4676 snare,
1662 4605 1719 4662 bitt-

115 4701 415 4758 damnanationem
435 4699 550 4770 spiritus,
564 4707 649 4752 anan
663 4697 820 4750 inuetnstute
834 4696 900 4750 litte-
951 4697 1015 4751 dum
1035 4697 1175 4752 etlieitnm
1197 4698 1295 4751 bonnm
1311 4695 1449 4766 :procedit
1468 4696 1511 4750 lex
1527 4697 1594 4767 liei,
1608 4709 1637 4756 et
1656 4697 1718 4755 dieii.

113 4809 150 4848 ra
164 4809 173 4847 :
188 4792 240 4846 Lea
253 4801 382 4864 percnum
395 4791 456 4845 est?
474 4789 554 4844 Absit.
564 4792 652 4858 Quare
665 4802 739 4858 ergo,
763 4786 899 4857 Apostolc,
955 4789 1015 4845 Non
1036 4789 1205 4859 concupisces.
1221 4788 1267 4844 llle
1279 4789 1359 4844 bomo
1375 4788 1421 4858 qui
1437 4789 1546 4858 putabat
1558 4787 1719 4863 magnonis·

116 4892 185 4938 tauta
197 4882 239 4937 illa
252 4881 340 4937 dixisti
354 4882 365 4913 ¹
378 4880 391 4933 i
953 4895 1016 4934 nrum
1028 4893 1098 4944 esse,
1107 4892 1281 4948 magnamque
1289 4876 1438 4932 felicitatem
1449 4877 1721 4948 existimabam&

149 4972 262 5030 CAPUT
275 4972 387 5027 tlt-tt.
401 4969 456 5025 Lea
467 4970 742 5039 commanendum
753 4974 900 5044 probibent,
954 4979 1061 5040 posset,
1074 4985 1130 5025 suae
1155 4969 1375 5038 cnrrcupiscentie
1390 4984 1443 5024 non
1465 4984 1588 5039 negare,
1606 4971 1722 5043 seqsw

117 5073 210 5119 nonen
220 5061 362 5117 malu.l.en
379 5061 483 5115 absitut
492 5061 527 5114 sit
541 5070 676 5130 peceatum
686 5081 693 5117 ε
703 5063 756 5118 Sed
761 5074 900 5135 peccatum,
954 5061 1051 5126 trahit·,
1066 5061 1153 5125 audit,
1168 5059 1228 5113 Non
1238 5060 1406 5130 concupisces:
1420 5069 1448 5114 et
1458 5064 1598 5130 manescit
1608 5070 1724 5133 esset&

116 5153 383 5225 iuquit,nonceqnani‚
391 5151 440 5205 nisi
448 5149 670 5221 pcrAzpemNam
677 5156 902 5225 concupiscentium
954 5161 1051 5206 catum.
1063 5151 1133 5206 Deus
1148 5149 1231 5217 dixit,
1244 5150 1323 5204 ltomn
1337 5149 1453 5211 audiuit.
1470 5149 1525 5203 Deo
1536 5151 1669 5220 credidit,
1681 5162 1727 5223 pet·

115 5243 261 5310 nuncium,
272 5244 321 5298 nist
328 5241 381 5296 Aea
391 5240 496 5304 diceret,
507 5239 567 5294 Non
578 5244 744 5312 coruupirces.
754 5244 812 5300 lam
821 5245 901 5300 modo
953 5250 1042 5296 catum
1052 5256 1127 5297 sunm
1139 5239 1219 5306 vidit;
1234 5240 1304 5311 qnod
1319 5240 1418 5296 bonurn
1431 5239 1540 5308 pertubat
1551 5281 1559 5304 ,
1570 5242 1675 5298 bisinus
1685 5253 1731 5297 etse

118 5337 250 5405 interrogo
265 5343 300 5408 tc,
319 5333 473 5400 Alanicbace,
487 5331 567 5387 modo
577 5342 602 5388 te
614 5333 758 5404 interrogo,
769 5336 901 5407 responde
954 5330 1078 5400 ιοςιιοιίι
1097 5330 1200 5384 :voluit
1223 5327 1327 5384 frenare
1348 5329 1609 5400 concupiscentiam,
1632 5349 1685 5389 non
1703 5332 1734 5386 irs

956 5429 1017 5492 post
1026 5434 1096 5485 mm,
1110 5421 1216 5474 strinxit
1226 5434 1265 5482 se,
1279 5430 1389 5474 conatus
1399 5432 1448 5485 est,
1467 5420 1554 5476 uictos
1566 5432 1621 5479 est.
1635 5425 1687 5494 Qui
1698 5421 1740 5479 init

955 5522 1033 5568 antea
1051 5512 1155 5566 nescius
1176 5510 1305 5567 malorum
1319 5527 1436 5577 suumin,
1450 5510 1537 5568 laetus
1547 5521 1593 5570 est
1606 5515 1740 5583 dumosa

956 5607 1030 5676 pejus
1044 5613 1085 5658 est
1099 5602 1182 5657 ricttus
1198 5620 1205 5656 s
1220 5603 1299 5673 coepit
1313 5617 1434 5659 essenon
1448 5603 1533 5673 solum
1550 5618 1693 5677 peccator.
1702 5605 1746 5672 seb

149 5492 156 5523 l

148 5496 233 5601 ’ἕξει
243 5490 362 5622 affin.
374 5552 408 5602 sie
417 5551 504 5623 legunt
521 5566 528 5600 ε
545 5559 622 5612 Quare
639 5565 704 5617 erqo,
724 5553 837 5617 Apostoli,
850 5563 901 5619 past

116 5620 181 5664 tnuu
190 5612 232 5665 sliu
243 5618 335 5673 ttn‘tr,
348 5623 394 5664 ιιι·
404 5613 465 5666 nbat
474 5620 500 5664 ut
510 5613 539 5664 sit
546 5619 678 5678 peccatum,
690 5623 735 5665 etc.
768 5621 797 5665 tt.
809 5672 812 5679 κ
