3728 6276
192 210 235 315 ab
930 254 1121 313 murano.
1788 258 1822 317 rs

235 360 411 424 Partitionem
425 365 584 423 instituimus
602 368 684 422 multo
704 368 902 424 concinniorem
919 370 1162 442 accuratioremquc
1176 413 1183 438 ,
1195 371 1221 426 in
1235 380 1375 442 quactum
1389 388 1443 444 prae
1464 374 1608 431 liubertina
1623 375 1673 432 hoe
1684 377 1819 432 comtrrodi

198 473 253 528 est,
268 461 339 535 quod
352 462 459 533 propius
471 461 505 515 ab
517 463 621 531 antiqua
636 470 662 516 ct
677 462 779 534 uulgata
793 461 910 527 recedit;
936 477 996 516 cum
1010 477 1149 518 sermones
1161 477 1255 519 ornnes
1273 479 1321 535 pro
1333 465 1461 522 varietate
1483 467 1633 538 argumenti
1655 474 1764 525 revocet
1784 469 1819 524 ad

199 555 279 613 husee
293 568 406 628 quatuor
417 554 541 620 ordines,
556 554 589 611 dc
602 554 762 627 scripturis,
776 553 809 610 de
821 555 972 626 Tempore,
984 554 1018 610 de
1030 555 1152 625 Sanctis,
1165 555 1237 612 etde
1249 556 1373 614 Diversis.
1387 558 1542 615 Addidimus
1556 570 1682 630 praeterea
1695 562 1816 632 quintum

197 647 319 703 ordinem
333 646 491 702 Sermonum
503 645 653 714 dubiorum,
669 646 740 719 quod
754 645 877 702 videlicet
889 646 991 701 nulium
1000 646 1052 702 nisi
1061 655 1152 719 aperte
1163 647 1357 719 supposititium
1369 649 1396 704 in
1411 650 1589 722 Appendicem
1602 651 1712 724 rejicere
1726 653 1818 708 cousi·

192 737 261 792 »litum
277 735 365 792 luerit.

234 830 328 887 Falsus
345 837 433 885 autem
449 829 520 885 ueris
532 828 631 885 diutins
642 827 767 884 confusos
777 828 928 900 relinquere
941 827 1094 900 neutiquam
1106 829 1202 887 licebat
1215 850 1223 886 ι
1238 830 1449 904 quandoquidem
1475 832 1525 890 bac
1543 835 1570 890 in
1589 851 1619 892 re
1629 834 1748 907 quotidie
1764 843 1818 890 tam

199 922 276 978 tnulti
288 921 504 992 decipiebantur,
520 931 549 976 ιιι
562 920 669 992 quidam
683 919 763 974 nimis
776 919 877 975 creduli
890 920 1047 991 scriptiones
1057 921 1149 976 Fausti
1162 930 1240 994 atquc
1252 923 1363 978 aliorum
1377 923 1424 978 imi
1438 922 1555 979 subsellii
1577 934 1714 980 auctorum
1729 926 1819 996 Augu·

197 1016 326 1071 atiniauas
338 1014 484 1080 ducereut;
497 1013 541 1069 alii
561 1022 654 1069 contra
676 1013 735 1085 plus
748 1028 823 1083 mquo
835 1013 975 1084 suspiciosi
990 1027 1128 1069 sermones
1139 1014 1285 1086 Augustino
1298 1014 1376 1086 longe
1399 1014 1569 1087 dignissimos
1585 1027 1631 1071 aut
1642 1027 1817 1088 respuerent,

191 1120 242 1164 ‘aut
254 1118 392 1183 suspectos
404 1107 543 1163 baberent.
557 1105 611 1163 Sed
621 1108 751 1178 optimum
763 1104 868 1161 ridetur
878 1106 1006 1178 principia
1015 1114 1041 1161 ct
1052 1114 1143 1173 nous,
1156 1107 1251 1178 quihus
1262 1107 1345 1162 innixi
1363 1107 1414 1164 boc
1431 1107 1559 1179 judicium
1577 1119 1658 1180 atque
1678 1125 1818 1165 censemur

196 1203 315 1275 aggressi
328 1217 437 1272 sumus,
450 1201 608 1269 declarare,
621 1212 649 1257 ut
662 1200 725 1258 hinc
736 1209 834 1256 statuat
847 1200 1044 1272 unusquisque,
1059 1216 1120 1256 nuru
1132 1201 1158 1256 in
1169 1202 1278 1257 materia
1292 1202 1357 1257 tanti
1368 1202 1494 1258 momenti
1504 1205 1662 1259 sententiam
1673 1205 1775 1259 llrmam
1788 1219 1819 1258 ac

196 1308 298 1353 certam
312 1297 382 1354 lerre
396 1298 560 1369 potuerimus
574 1316 582 1353 ι
597 1296 700 1352 tametsi
712 1295 770 1351 lieri
782 1304 897 1364 nequeat
910 1302 939 1349 ut
951 1293 1103 1367 singiliatim
1118 1303 1196 1351 notas
1208 1309 1302 1351 omnes
1315 1295 1410 1367 quibus
1424 1296 1556 1352 sermonis
1569 1296 1694 1368 cujusque
1707 1310 1819 1354 censura

196 1390 345 1457 stabilitur,
359 1390 509 1460 aperiamus
520 1431 528 1455 ,
539 1389 587 1445 scd
601 1396 701 1444 uotum
713 1386 858 1458 generatim
870 1387 987 1457 aliquas,
1001 1400 1100 1457 easque
1111 1385 1197 1466 magis
1210 1385 1363 1441 iamiiiares.

231 1481 350 1538 Primum
364 1482 482 1536 omniunt
495 1480 564 1548 stili,
578 1495 630 1550 quo
643 1486 744 1534 tantum
765 1487 889 1534 auctores
911 1477 980 1533 inter
993 1490 1042 1543 se,
1056 1483 1183 1547 quantum
1204 1476 1325 1532 homines
1336 1476 1409 1532 vultu
1423 1475 1567 1544 dilierunt,
1581 1478 1710 1559 rationem
1727 1478 1832 1533 habui.

195 1589 267 1628 mus.
280 1572 329 1630 llic
342 1588 437 1643 nempe
450 1571 521 1644 quod
535 1571 610 1640 epist.
625 1570 676 1635 95,
691 1586 718 1624 n.
734 1567 785 1634 59,
808 1567 843 1624 de
857 1567 988 1640 cypriano
1007 1556 1283 1637 dixit‘Augustinus,
1298 1566 1355 1638 pari
1365 1568 1426 1636 iure
1437 1567 1500 1623 licet
1511 1567 1545 1623 de
1557 1566 1616 1638 ipso
1628 1570 1818 1639 pronuntiare:

192 1665 281 1720 Stilus
293 1665 348 1736 ejus
368 1665 442 1718 hebet
459 1663 595 1735 qrramdum
617 1661 745 1732 propriam
757 1659 862 1730 sedem,
878 1675 928 1729 qua
941 1658 1020 1730 possit
1031 1658 1143 1729 uqncsci.
1158 1657 1225 1712 Eum
1238 1666 1345 1713 sanctus
1369 1656 1545 1728 Hieronymus
1559 1673 1592 1713 ex
1606 1658 1686 1727 stilo,
1707 1670 1736 1715 ut
1747 1659 1828 1715 idern·

194 1758 307 1828 epistola
321 1759 390 1813 inter
403 1756 607 1827 Augustinianas
620 1754 653 1810 68
667 1760 779 1809 testatur
795 1751 934 1822 ,agnoric
948 1751 983 1806 Et
994 1748 1178 1820 Lugdunensis
1193 1749 1308 1805 Ecclesia
1321 1750 1389 1807 libro
1400 1749 1434 1806 dc
1448 1750 1531 1804 tribus
1540 1749 1678 1820 Epistolis,
1690 1766 1750 1822 cap.
1766 1753 1819 1817 35,

190 1861 227 1906 ut
241 1851 333 1922 probet
345 1850 558 1923 ilypognosticon
572 1848 621 1919 ipsi
634 1862 687 1902 non
700 1860 760 1902 esse
770 1843 973 1900 adscribendum
986 1886 994 1911 ,
1007 1843 1105 1901 eodem
1116 1843 1200 1898 utitur
1210 1851 1376 1914 argumento.
1389 1841 1578 1899 Verumtamen
1590 1844 1613 1898 si
1636 1846 1744 1901 nomine
1766 1846 1820 1902 stili

198 1945 264 2001 nihil
275 1944 348 2001 aliud
360 1945 521 2015 intelligatur
532 1958 610 2013 ιιιιιιιι
623 1941 724 2007 dictio,
737 1938 871 1996 lawndum
882 1933 924 1995 c'st
935 1939 1009 1994 illurn
1025 1952 1079 1993 non
1090 1951 1196 2008 semper
1207 1952 1289 1992 unum
1302 1945 1381 2008 atque
1392 1937 1520 2006 aequalem
1529 1936 1645 1992 existere
1657 1939 1684 1992 iu
1694 1939 1820 2009 operibus

197 2038 354 2108 Augustini,
380 2035 427 2092 sed
445 2035 560 2090 maxime
584 2033 611 2088 in
629 2031 816 2096 sermonibus,
832 2044 899 2102 quos
913 2037 987 2085 tanta
1006 2042 1097 2085 rerunt
1120 2042 1152 2083 ac
1165 2027 1282 2083 iocorum
1304 2026 1456 2082 diversitate
1470 2041 1519 2096 per
1539 2025 1712 2097 quadraginta
1734 2042 1821 2084 anuos

193 2128 300 2184 babuit.
315 2128 445 2183 interhos
456 2126 500 2181 alii
510 2124 545 2180 ab
557 2140 590 2180 co
604 2139 652 2196 per
660 2122 838 2179 sacerdotium
851 2137 929 2178 suunt
943 2120 1084 2193 compositi
1100 2121 1216 2192 priorum
1230 2119 1313 2191 ipsius
1326 2119 1536 2175 lucubrationum
1548 2119 1664 2175 colorem
1678 2121 1819 2192 quemdam

197 2216 336 2285 reserant,
356 2217 401 2272 alii
415 2216 555 2272 abeodem
568 2215 713 2271 maturiore
722 2215 777 2285 jam
790 2221 870 2270 aetate
883 2212 1044 2284 pronuntiati
1056 2212 1089 2268 ed
1101 2211 1247 2282 posteriora
1260 2226 1341 2282 opera
1354 2211 1438 2282 magis
1447 2211 1574 2266 accedunt
1588 2229 1595 2265 ι
1609 2214 1729 2268 nonnulii
1740 2229 1821 2270 accu-

197 2321 255 2366 rate
266 2318 294 2364 ct
313 2325 373 2364 cunt
396 2308 568 2364 meditatione
589 2307 735 2364 elucubrati
754 2315 833 2373 suut,
858 2305 979 2362 nonnulli
1000 2321 1035 2362 ex
1052 2316 1172 2375 tempore
1184 2304 1256 2360 iusi:
1270 2304 1330 2361 iiius
1342 2313 1461 2362 extremo
1474 2304 1700 2361 lietractationum
1714 2308 1819 2377 capite,

196 2400 265 2457 libro
275 2401 303 2468 2,
315 2399 428 2456 dictatos
439 2409 527 2464 sucat,
539 2399 589 2454 hos
601 2407 688 2454 autem
701 2396 787 2453 dictos
802 2413 810 2450 ε
825 2395 989 2468 proindeque
1002 2396 1105 2467 aliquos
1117 2396 1257 2464 habemus,
1269 2395 1387 2467 qualesa
1399 2397 1526 2462 notariis,
1540 2396 1603 2453 dum
1615 2398 1696 2453 rerba
1709 2399 1820 2466 iaceret,

197 2494 314 2562 excerpti
330 2503 392 2549 sunt
403 2535 410 2558 ,
423 2507 485 2549 cunt
500 2492 545 2548 aiii
565 2492 686 2564 legantur
698 2505 774 2561 acque
796 2489 929 2545 emendati
940 2503 973 2543 ac
984 2488 1079 2560 integri
1091 2499 1172 2560 atque
1183 2503 1265 2560 opera
1278 2489 1377 2560 proprii
1391 2491 1508 2545 auctoris
1520 2505 1600 2546 manu
1612 2500 1720 2547 exarata
1732 2493 1822 2550 soient

194 2603 266 2643 csse.
279 2586 308 2641 hl
322 2603 383 2644 curn
396 2587 481 2642 critici
491 2584 598 2657 quidam
613 2585 742 2640 nonsatis
755 2582 950 2648 advertissent,
963 2580 1108 2639 Sermones
1121 2583 1215 2655 primis
1227 2583 1365 2654 Augustini
1378 2583 1473 2649 annis,
1487 2591 1515 2637 ut
1525 2598 1573 2639 suo
1592 2584 1651 2639 loco
1667 2586 1823 2642 obseruaui-

195 2695 274 2746 rrrtrs,
295 2680 459 2750 compositos
472 2687 564 2734 sancto
583 2676 690 2732 Ductori
704 2675 899 2746 abjudicarunt.
914 2675 955 2730 Ad
968 2675 1119 2747 hujusmodi
1131 2691 1196 2747 ergo
1206 2689 1347 2731 censuram
1369 2685 1441 2732 recte
1452 2676 1616 2744 obeundam,
1641 2687 1821 2750 preterquam

196 2768 266 2840 quod
279 2767 357 2825 stilus
369 2769 459 2840 operis
469 2767 542 2824 dubii
552 2766 586 2822 ad
598 2767 703 2838 singula
716 2765 862 2822 indubitata
875 2781 956 2836 upera
967 2764 1113 2838 exigendus
1126 2776 1185 2834 est,
1200 2781 1364 2839 nequaquam
1376 2767 1416 2823 ris
1428 2768 1473 2823 ilia
1488 2768 1545 2824 sire
1555 2768 1665 2839 spiritus
1679 2786 1732 2841 qno
1744 2771 1822 2827 stilus

197 2860 272 2931 quasi
285 2861 436 2927 animatur,
451 2856 603 2929 posthaberi
615 2856 703 2914 debet.
718 2854 821 2928 llbiquc
832 2857 904 2912 eninr
915 2857 1067 2928 agnoscitur
1076 2858 1240 2929 Augustinus
1254 2858 1362 2930 proprio
1374 2859 1489 2930 quodam
1507 2861 1666 2932 eloquentie
1683 2865 1772 2934 grauis
1789 2881 1823 2920 ac

198 2951 275 3005 seriae
294 2965 411 3022 genere,
429 2949 500 3021 quod
513 2948 563 3005 sibi
577 2949 823 3031 lectorumanimos
835 2949 959 3020 subjicit,
974 2963 1027 3004 non
1039 2948 1129 3020 lepore
1140 2957 1253 3020 comptae
1268 2959 1348 3023 atque
1367 2950 1496 3008 affectatae
1508 2953 1683 3021 elocutionis,
1698 2956 1744 3012 sed
1761 2957 1822 3012 eiti-

195 3041 268 3096 cacia
292 3040 405 3111 quadarn
422 3039 531 3112 iudicii,
559 3039 722 3110 prudentiae,
743 3038 865 3111 pietatis,
885 3039 1047 3105 honestatis,
1068 3039 1218 3108 modestice,
1234 3041 1572 3116 comitatis,aliarutuquc
1595 3046 1737 3110 uirtutum,
1760 3066 1822 3121 quae

195 3133 296 3204 passim
315 3133 342 3187 iu
361 3132 419 3205 ejus
431 3132 551 3188 oratione
572 3130 640 3187 adeo
651 3131 753 3203 lulgent
765 3139 845 3202 atquc
856 3131 988 3197 emicant,
1013 3140 1043 3185 ut
1054 3130 1137 3201 ipsius
1150 3130 1240 3187 stilum
1259 3146 1341 3188 nemo
1358 3132 1504 3190 imitatione
1516 3146 1683 3206 assequatur.
1708 3137 1756 3193 llic
1779 3151 1824 3195 est

172 3250 176 3257 ·
194 3226 327 3298 precipue
339 3226 438 3300 Lydius
448 3225 532 3297 lapis,
545 3240 598 3296 quo
611 3238 749 3281 sermones
758 3238 822 3280 rere
834 3222 1018 3294 augustiniani
1032 3223 1195 3294 probantur;
1210 3231 1239 3280 ct
1249 3222 1283 3278 ad
1293 3238 1371 3296 quem
1386 3225 1565 3297 appendicem
1580 3228 1602 3283 si
1612 3229 1672 3300 quis
1681 3229 1820 3293 adhibeat.

194 3317 222 3372 iu
236 3331 295 3373 caut
310 3332 393 3389 prope
403 3317 552 3373 uniuersam
566 3325 709 3387 cognoscet
721 3313 817 3370 cadere
827 3312 890 3369 illud
904 3329 997 3385 posse,
1013 3314 1083 3386 quod
1098 3314 1132 3370 de
1145 3313 1343 3387 ilypognostico
1356 3317 1553 3387 pronuntiatum
1563 3328 1623 3376 est:
1640 3319 1674 3376 Et
1687 3339 1774 3378 seasru
1786 3325 1821 3378 ui

194 3408 266 3463 iilius
277 3424 352 3465 εεηιιι
365 3408 470 3480 inferior
478 3407 582 3463 ichemu
592 3449 601 3475 ,
613 3417 638 3463 et
651 3406 774 3462 arodestie
786 3416 861 3476 atque
875 3406 1005 3462 humilitus
1013 3422 1113 3462 amum
1125 3416 1149 3462 et
1160 3424 1303 3464 temonem
1312 3410 1367 3482 ejus
1380 3426 1431 3466 noa
1442 3410 1477 3466 iii
1487 3420 1608 3468 menter.

230 3501 414 3572 Lugdunensis
429 3501 566 3567 Ecclesia,
589 3498 665 3570 culus
678 3498 736 3554 baec
755 3499 836 3554 rerba
852 3506 929 3564 suut,
951 3497 1048 3554 ibidem
1072 3498 1144 3554 aliud
1166 3499 1294 3556 indicium
1316 3500 1417 3557 addit:
1440 3501 1475 3557 Et
1494 3504 1654 3569 tatimoaiit,
1675 3505 1773 3577 inquit,
1789 3524 1824 3562 ee

196 3591 312 3648 iteireiea
325 3593 505 3658 translatione,
530 3608 607 3663 mam
618 3591 705 3647 beatus
718 3590 887 3662 liieroagmus
900 3591 994 3659 edidit,
1009 3600 1100 3663 preter
1117 3594 1173 3665 cius
1186 3593 1390 3650 consuetudieem
1403 3604 1490 3651 crahc
1501 3597 1560 3652 iilos
1573 3597 1702 3654 lroeretieos
1720 3603 1824 3657 utitur:

194 3682 315 3755 quoditie
328 3683 472 3753 acutique
482 3683 566 3754 potiar
581 3681 691 3736 editione
702 3685 785 3754 sacen
798 3682 934 3735 consuerit.
950 3680 1027 3749 Quod
1042 3681 1148 3751 quidem
1163 3682 1289 3739 indicium
1304 3699 1338 3740 co
1359 3685 1463 3757 longius
1485 3687 1619 3759 latinaque
1635 3690 1822 3760 protenditur,

195 3773 266 3845 quod
278 3772 358 3830 aliam
373 3773 592 3842 translationem,
617 3786 678 3830 cum
691 3772 765 3828 brevi
778 3771 962 3828 auctoritatem
977 3775 1076 3829 veteris
1087 3783 1266 3847 occupasset,
1291 3786 1396 3833 constat
1412 3778 1468 3849 lam
1492 3778 1555 3836 inde
1574 3795 1589 3835 a
1611 3783 1703 3852 quinto
1722 3787 1823 3842 secrato

194 3863 332 3938 amplexos
354 3880 414 3922 esse
426 3865 581 3920 Saluianum
603 3863 815 3929 iiasshienscm,
831 3861 992 3918 Eucherium
1004 3861 1230 3935 Lugdunensem,
1244 3865 1360 3923 Leonem
1375 3867 1524 3923 Romanum
1542 3870 1717 3942 beautron,
1741 3884 1824 3948 atque

196 3961 276 4015 alios.
291 3956 436 4029 Gregorius
450 3964 627 4028 cognomento
640 3954 769 4026 liagnus,
784 3955 829 4025 qui
844 3970 956 4021 nouam,
969 3970 1048 4024 quatu
1060 3965 1153 4023 vocat,
1176 3957 1296 4012 scribens
1310 3958 1336 4012 in
1347 3958 1442 4014 librum
1454 3959 1505 4015 iob
1515 3961 1649 4032 sequitur,
1664 3965 1774 4035 epistula
1788 3970 1823 4026 ad

196 4049 346 4106 Leandrum
356 4057 494 4119 utramque
506 4047 533 4101 in
545 4045 663 4102 Ecclesia
679 4045 797 4100 llornana
810 4051 874 4099 tunc
887 4044 1015 4114 temporis
1029 4043 1081 4116 legi
1096 4045 1200 4101 solitatu
1222 4046 1312 4102 tradit.
1328 4047 1381 4104 Sed
1395 4064 1446 4105 nun
1465 4040 1550 4105 ntuito
1562 4060 1623 4122 post
1636 4068 1702 4109 nora
1723 4058 1823 4129 ubique

195 4142 313 4212 gentium
334 4137 466 4204 obtinuit,
487 4145 556 4194 teste
570 4135 689 4202 isidoro,
703 4135 748 4206 qni
772 4148 825 4190 non
845 4133 925 4204 longe
946 4135 981 4190 ab
992 4134 1068 4190 initio
1090 4136 1197 4206 septimi
1208 4139 1300 4194 saculi
1308 4138 1338 4193 -in
1350 4139 1418 4196 libro
1431 4141 1517 4213 primo
1528 4142 1571 4198 'dc
1587 4142 1688 4202 bicinis
1700 4146 1823 4216 Oidciis,

196 4251 256 4309 cap.
270 4235 314 4305 ii,
326 4236 366 4293 sic
377 4234 476 4292 habet:
490 4231 531 4288 lie
541 4230 638 4287 hebreo
652 4239 736 4286 autem
754 4230 781 4284 ir
795 4230 902 4285 esaum
911 4228 1084 4283 meremoth
1095 4227 1265 4302 Hierorrgnnrs
1277 4233 1405 4306 presbyter
1415 4249 1502 4290 meres
1519 4234 1667 4308 Scripturas
1683 4248 1823 4308 manmit,

196 4331 269 4400 cajus
282 4328 388 4383 eutitium
396 4324 545 4398 perteraiiter
558 4338 644 4378 omues
654 4320 776 4376 Ecclesiae
783 4334 959 4391 usquequaque
972 4326 1090 4375 meter.
1111 4325 1113 4330 ·

234 4418 319 4474 Porro
335 4417 409 4472 bisce
420 4413 577 4472 testimoniis
592 4411 749 4468 Psaiteriuru
762 4410 998 4483 hieronymianum
1007 4424 1040 4466 ca
1050 4409 1167 4481 hebraeo,
1181 4413 1252 4484 quod
1266 4428 1352 4485 neque
1363 4416 1392 4470 in
1403 4415 1610 4488 hypognostico,
1622 4432 1710 4491 neque
1722 4423 1748 4478 in
1763 4427 1826 4482 attis

198 4517 320 4566 veterum
335 4505 561 4563 lucubrationibus
576 4503 717 4575 reperitur,
736 4502 847 4558 minime
858 4501 1057 4572 intelligendum
1070 4511 1114 4559 est
1128 4519 1136 4558 :
1150 4511 1180 4558 ut
1192 4504 1360 4561 solummodo
1375 4507 1434 4562 alie
1446 4510 1547 4580 antiqui
1560 4509 1669 4569 traderis
1684 4517 1825 4588 praeapte„

197 4611 298 4674 partes.
311 4599 490 4656 Nihilominus
504 4606 592 4652 umen
610 4608 672 4649 eum
691 4593 836 4661 Psalterio,
858 4592 886 4648 in
900 4591 972 4662 quod
983 4593 1188 4651 commentarios
1206 4593 1291 4651 edidit
1304 4595 1482 4668 Augustinus,
1497 4615 1552 4656 sut
1569 4604 1683 4674 proprie
1698 4606 1826 4667 lectiones

196 4695 268 4759 sint,
283 4700 363 4762 atque
380 4688 416 4744 ab
434 4689 545 4744 aliorum
562 4683 633 4739 baud
647 4681 817 4739 mediocriter
837 4681 1030 4751 discrepantes,
1052 4681 1114 4739 illud
1127 4697 1235 4756 quoque
1247 4685 1313 4740 satis
1333 4684 1434 4741 utiliter
1450 4688 1477 4743 in
1497 4690 1619 4748 examine
1635 4703 1728 4750 nostro
1746 4699 1826 4753 adhi-

197 4788 316 4845 buimus.

232 4877 302 4934 Cum
316 4875 343 4930 in
355 4870 510 4946 prelatione
522 4869 587 4924 tomi
601 4867 689 4938 quarti
701 4866 736 4922 dc
749 4865 923 4921 hanalatione
936 4879 1015 4936 quatu
1029 4874 1136 4921 secuuu
1147 4874 1208 4921 erat
1218 4868 1397 4938 Augustinus,
1418 4884 1432 4924 a
1446 4869 1524 4927 nobis
1535 4883 1659 4943 ageretur
1671 4876 1733 4946 iqua
1747 4883 1782 4933 de
1797 4896 1826 4936 re

186 4969 227 5024 .in
242 4967 400 5040 prelatione
412 4962 500 5026 tertii,
518 4960 545 5014 in
558 4958 740 5014 admonitione
751 4971 832 5028 super
844 4957 983 5028 Augustini
996 4955 1128 5027 Speculo,
1142 4965 1170 5012 ct
1181 4956 1245 5011 alibi
1259 4957 1285 5012 in
1299 4973 1396 5028 genere
1405 4960 1460 5030 jam
1471 4960 1557 5018 luerat
1569 4966 1689 5020 nonnihil
1700 4968 1824 5024 obserua-

201 5074 257 5116 .um
265 5061 287 5131 ),
299 5068 417 5114 menum
430 5063 549 5110 nostran
563 5063 754 5122 aperueramus
764 5048 798 5104 de
811 5048 929 5119 Vulgatae
940 5048 1080 5113 reterre,
1092 5047 1163 5118 quod
1175 5047 1282 5118 quidem
1295 5050 1373 5105 uobis
1385 5051 1449 5107 iilud
1460 5054 1556 5122 ipsum
1570 5055 1596 5109 in
1605 5071 1660 5126 quo
1668 5059 1826 5130 corrigeretur

199 5151 379 5222 llierouptaus
392 5143 537 5203 secundum
549 5156 641 5197 curam
655 5149 750 5211 rogatu
764 5139 854 5194 Paulae
865 5149 944 5208 aque
955 5137 1091 5193 Eustocbii
1103 5145 1265 5207 susceperat,
1280 5153 1340 5195 esse
1353 5139 1500 5195 ridebatur.
1515 5141 1607 5197 Utrum
1620 5146 1648 5199 lu
1660 5161 1716 5202 rem
1729 5163 1826 5206 eurrrru

198 5242 246 5313 qul
269 5239 414 5310 Scripturas
434 5235 521 5291 studio
540 5240 639 5289 meant
656 5246 785 5302 operam,
807 5229 923 5285 iuturum
941 5227 977 5284 sit
995 5227 1148 5297 opinionem
1169 5238 1287 5286 nostram
1308 5231 1484 5298 oontlrmarc,
1506 5247 1560 5288 noa
1580 5233 1720 5295 minimus
1732 5255 1741 5294 :
1752 5253 1829 5297 certe

201 5331 371 5388 committere
381 5341 435 5382 uun
446 5336 597 5396 passuum,
611 5320 676 5392 quin
688 5320 738 5376 riri
753 5319 780 5375 in
797 5317 893 5374 litteris
906 5316 1028 5373 humanis
1040 5324 1068 5373 et
1083 5315 1180 5373 divims
1190 5319 1326 5376 merciuti
1335 5318 1529 5388 obiectionibus
1540 5320 1610 5379 baud
1624 5333 1828 5388 conteruneudis

200 5421 405 5482 satisiaciatuns.

237 5513 393 5569 hirmos
410 5524 538 5586 nusquam
558 5505 585 5561 in
604 5504 739 5562 Psaiteriis
754 5505 860 5560 calamo
880 5501 1006 5572 scriptis,
1024 5519 1084 5574 qnae
1095 5505 1174 5563 uobis
1188 5507 1214 5562 iu
1228 5521 1322 5563 manus
1339 5522 1436 5578 magno
1449 5525 1561 5568 rrttnrero
1573 5525 1717 5580 uenerunt,
1733 5516 1784 5571 uisi
1798 5532 1830 5575 ru

203 5602 334 5673 inmte,
351 5602 510 5673 llieronymia
519 5595 546 5652 ui
559 5593 680 5653 t‘sattertt
691 5593 822 5653 obeliscos
833 5602 913 5665 atquc
925 5591 1066 5671 astabam
1082 5595 1193 5651 inueniri
1203 5635 1213 5664 ,
1224 5605 1305 5669 atque
1316 5595 1383 5655 adeo
1395 5614 1476 5658 unutn
1495 5601 1617 5675 idemque
1632 5605 1714 5663 rideri
1726 5605 1830 5665 Psalte·
