3728 6276
111 225 142 280 il
724 211 753 268 S.
774 203 955 268 rtueustuil
971 205 1121 266 belsebul
1156 200 1159 207 ’
1697 222 1732 278 59

112 342 306 393 ubertateterrtr
319 333 365 388 erit
375 330 419 386 tibi
431 329 551 384 iubilatio
568 336 617 383 eta
637 341 694 381 rore
712 325 779 378 seii.
802 321 837 376 Et
862 335 896 374 ne
948 321 1021 378 dolet
1029 324 1129 394 capttti
1145 324 1195 392 oti
1209 326 1343 384 dimittunt
1357 328 1456 397 Deam,
1477 339 1505 388 et
1525 339 1590 389 poor
1607 333 1641 386 gd
1664 332 1730 403 ηιμ.

116 430 176 487 ideo
188 438 214 485 tc
224 436 299 499 putes
315 421 470 482 bonomia
483 419 569 495 plodio
582 430 625 473 too
639 418 713 479 cira,
726 424 750 470 et
764 413 839 486 [ratri
852 421 895 465 tuo
949 425 1037 469 noenta
1056 415 1194 482 diabolica,
1210 417 1272 473 victi
1285 429 1371 475 sunta
1384 420 1501 477 diabolo.
1521 420 1618 478 contre
1639 413 1661 476 ii
1688 437 1731 479 om

112 521 213 579 semies.
222 517 275 576 Sed
285 533 318 574 nc
327 516 361 573 de
374 525 400 572 te
413 514 548 585 desperes,
559 510 620 582 quia
628 517 703 580 potes
713 516 739 563 te
751 506 893 576 corrigere,
948 514 1100 576 suggestum
1115 506 1203 576 luerit,
1216 508 1361 564 secundum
1373 524 1470 580 corpus
1483 509 1595 567 tortasse
1605 511 1730 568 eillcerc¹

113 612 344 677 Eritnumnnrum
356 603 534 676 reponemus
550 602 653 658 ιοιιοιιι
665 600 758 672 jugoro
778 598 810 652 de
830 597 896 651 collo
949 596 1066 652 remedia
1086 596 1203 664 diaboli,
1230 599 1300 655 unde
1319 600 1386 656 alius
1411 609 1519 657 munius
1539 615 1600 658 esse
1622 601 1730 668 dicitur,

115 688 168 758 tun.
188 702 256 758 Ecce
272 700 306 756 ab
324 699 444 754 ubertate
465 704 543 751 terrm
555 703 583 751 et
600 708 616 748 a
631 692 759 749 rorecoeli
773 689 895 759 accipiet;
948 688 1010 758 quia
1024 700 1131 758 accepto
1140 689 1174 745 ab
1186 690 1231 744 illo
1248 691 1378 747 sacriticio
1397 705 1464 757 suo,
1483 691 1583 749 deserit
1607 693 1731 764 persequi

114 792 161 850 setl
176 791 249 847 lsaec
262 786 398 860 sugillatus
410 785 515 857 projicit
535 784 572 839 illi
588 781 819 847 benedictionem,
842 793 895 834 non
949 791 1057 848 corpus,
1071 781 1131 849 quia
1144 794 1192 834 eor
1203 781 1334 836 obtinuit:
1349 796 1414 854 ergo
1431 782 1588 854 cuicumque
1607 792 1732 854 suggesta

114 883 169 938 dat.
182 880 276 937 Nonne
290 879 319 934 it
331 877 411 934 modo
423 877 450 932 in
460 874 578 931 Ecclesia
591 872 668 928 malis
682 870 841 935 bominibus,
851 869 895 939 qui
951 866 1047 924 luerim
1060 869 1110 924 ista
1119 869 1234 925 remedia
1252 871 1398 939 scelerata,
1410 880 1439 929 et
1446 873 1558 942 dixerit,
1570 875 1669 930 lloriar
1681 890 1733 944 pn·

115 972 207 1028 nolunt
220 968 376 1041 perturbare
388 965 546 1029 Ecclesiam,
557 973 587 1019 ut
597 962 746 1019 tolerentur
757 960 789 1014 ad
804 973 897 1015 neccs-
950 961 1010 1025 tius,
1025 976 1103 1030 quom
1119 963 1214 1018 talibus
1227 965 1351 1021 remediis
1364 975 1437 1031 utam
1454 966 1478 1022 si
1495 966 1552 1021 ruit
1572 967 1659 1034 bens,
1681 966 1732 1022 ns-

113 1067 218 1121 sieten
231 1062 313 1134 ipsius
325 1059 410 1132 pacis,
425 1066 454 1113 ot
469 1055 652 1122 admittentur,
676 1061 706 1108 ot
721 1053 836 1106 babeant
846 1048 896 1106 Sa·
947 1053 1028 1122 gellat
1039 1063 1067 1108 et
1078 1054 1171 1110 liberat
1184 1070 1241 1120 me:
1257 1057 1279 1111 si
1301 1057 1374 1112 novit
1391 1059 1452 1130 quia
1473 1060 1652 1115 necessarium
1674 1069 1731 1122 est,

111 1161 246 1211 eramenta
260 1149 427 1207 communia?
443 1149 475 1205 Et
487 1145 630 1218 aliquando
650 1144 733 1200 scitur
753 1143 813 1216 quia
835 1143 896 1198 mali
949 1143 1043 1199 liberet
1053 1144 1251 1208 me3sinotcm
1263 1146 1402 1217 scit'qoio
1423 1147 1508 1203 debeo
1528 1149 1601 1205 exire
1621 1148 1656 1205 de
1682 1149 1732 1205 nse

113 1255 185 1309 suut,
199 1254 226 1300 et
239 1241 361 1299 convinci
376 1239 443 1297 iorte
457 1254 509 1294 non
518 1243 630 1308 possunt
646 1244 674 1290 ut
686 1234 860 1291 emendentur
870 1243 898 1290 et
948 1237 1019 1298 rito,
1032 1236 1092 1291 sire
1101 1237 1258 1302 contrister,
1268 1237 1326 1294 slve
1339 1240 1430 1305 laeter,
1450 1254 1547 1312 sequar
1566 1240 1731 1298 voiommen

112 1332 309 1406 degradentur;
328 1327 552 1395 utexclndantur,
572 1335 603 1382 nt
625 1324 896 1391 excommunicentur,
950 1325 1223 1384 Dominiilcceenim
1243 1338 1302 1398 post
1321 1344 1430 1399 parrum
1452 1341 1555 1401 tempos
1578 1347 1629 1404 qun
1646 1332 1733 1388 ieonis

113 1438 166 1479 nun
179 1431 289 1496 possunt
300 1419 431 1478 cortrinci.
448 1418 477 1476 Si
491 1417 616 1474 institerit
629 1416 742 1487 aliquis,
757 1414 898 1486 aliquando
948 1415 1066 1472 exiturus
1077 1431 1136 1472 som
1146 1418 1179 1472 ad
1193 1419 1349 1474 Dominum?
1374 1419 1431 1475 Non
1444 1420 1514 1476 enim
1527 1421 1579 1477 hoc
1591 1421 1655 1477 mibi
1668 1438 1733 1492 prae

112 1516 167 1571 itur
177 1515 206 1570 in
218 1513 398 1584 disruptiones
412 1510 550 1568 Ecclesiae.
560 1508 669 1581 degitur
677 1507 839 1580 gubernator
848 1507 898 1563 Ec·
950 1514 1022 1561 stant
1035 1507 1150 1562 remedia
1163 1506 1347 1578 diaboli,quod
1358 1517 1466 1578 praesttt
1478 1510 1560 1579 licus,
1568 1511 1648 1567 ritem
1655 1519 1732 1567 μοι».

112 1608 201 1664 clcsin
215 1615 339 1677 manuam
353 1603 453 1670 dicere,
468 1602 534 1658 scre
558 1602 590 1656 oi
610 1601 723 1656 eistete
745 1611 820 1654 terro
852 1599 899 1654 erit
951 1611 1022 1652 nam.
1035 1596 1123 1664 Quare
1132 1612 1196 1668 ergo
1212 1598 1310 1653 damno
1325 1600 1424 1655 enimse
1444 1600 1527 1656 mete·
1552 1615 1614 1657 emo
1633 1615 1733 1672 pencos

71 1754 76 1767 g
115 1696 170 1762 titi,
183 1706 298 1752 etnrore
308 1695 469 1751 coelisutere
480 1690 673 1760 sacramentis,
687 1691 734 1746 tibi
754 1688 899 1744 manducas
950 1690 1007 1745 dies
1019 1690 1122 1761 corpori
1137 1690 1344 1761 mcoiooiltaec
1364 1691 1547 1759 dicit,etnon
1561 1693 1597 1760 it,
1613 1707 1663 1749 nec
1681 1707 1730 1763 up-

112 1787 258 1857 iudicium,
274 1785 322 1841 tibi
334 1783 540 1856 bibisjudicium
555 1781 626 1849 :Qui
635 1783 701 1838 enirn
714 1780 850 1836 nmndorot
875 1792 898 1836 et

112 1877 173 1932 iiio
187 1875 429 1949 indigne,jttdisittrrr
439 1873 487 1929 eiii
496 1873 631 1928 manducat
640 1881 664 1927 ei
676 1872 737 1927 bibit
750 1870 777 1941 (l
787 1871 847 1926 Cor.
860 1887 898 1936 tn,

112 1968 171 2040 ιιι
189 1966 263 2022 Nosti
273 1966 336 2037 qula
346 1964 494 2020 admitteris
507 1977 540 2018 ex
552 1963 709 2019 necessitate
721 1961 794 2032 pacis
808 1961 900 2018 Eccle-

113 2058 172 2127 siae,
184 2072 238 2114 non
248 2055 330 2111 moes
343 2054 370 2111 in
379 2054 459 2110 corde
472 2054 522 2109 nisi
542 2053 754 2125 perturbationes
771 2062 804 2107 et
832 2051 900 2107 diti·

113 2151 212 2207 siones.
228 2147 289 2205 ldeo
303 2147 330 2203 in
338 2146 427 2220 gladio
441 2156 488 2202 itto
501 2145 572 2201 vives
583 2162 591 2200 ι
602 2159 663 2200 nem
676 2145 703 2200 in
715 2159 748 2200 eo
766 2143 836 2214 «guod
853 2159 896 2198 ac·

114 2241 205 2312 cipisa
218 2254 278 2296 rore
290 2238 362 2306 cosli,
370 2245 398 2294 et
408 2237 443 2294 ab
454 2236 575 2292 ubertate
588 2243 676 2303 terrie,
688 2249 742 2289 non
754 2234 789 2290 ibi
805 2235 898 2296 ritcs¹;

114 2347 168 2388 non
180 2330 251 2387 enim
263 2328 316 2385 ltoc
329 2339 355 2385 te
364 2327 487 2391 delectat,
502 2324 645 2381 autsuatis
654 2333 696 2381 est
706 2324 752 2380 tibi
764 2324 899 2379 Dominus.

114 2422 142 2479 st
157 2422 228 2479 enim
242 2420 295 2476 ltoc
307 2429 333 2475 tc
342 2417 497 2484 delectaret,
512 2425 540 2472 et
551 2416 639 2472 suavis
652 2416 698 2470 tibi
712 2425 783 2471 esset
805 2415 898 2470 llomi-

116 2528 187 2578 nus,
207 2509 349 2567 imitareris
369 2508 544 2564 bumilitatem
576 2505 701 2572 bomini,
728 2521 780 2561 non
803 2519 902 2576 super·

115 2604 186 2659 biam
212 2600 320 2658 diaboli.
337 2598 485 2674 [Quamvis
508 2613 573 2668 ergo
604 2597 716 2668 accipiat
746 2599 901 2669 mysterium

117 2693 274 2750 lttnnilitatis
306 2691 411 2747 bomini
442 2705 457 2745 a
489 2704 551 2746 rore
580 2689 641 2746 coeli
672 2700 699 2745 et
723 2689 757 2744 ab
782 2689 902 2746 ubertate

116 2797 215 2853 terrm,
235 2800 290 2841 nott
313 2792 404 2839 tamen
427 2782 537 2853 deponit
554 2782 704 2852 superbiam
729 2780 843 2846 diaboll;
858 2782 901 2837 ctti

117 2877 184 2936 nibil
210 2876 317 2941 iaciant,
342 2876 388 2945 qui
413 2889 521 2945 sempor
550 2873 760 2930 dissensionibus
778 2884 806 2930 et
830 2874 902 2930 sedi·

105 2953 393 3041 ‘annumerarent
406 2967 637 3037 pannosorum
651 2967 701 3024 tte
716 2968 869 3023 ementito
886 2983 901 3022 a

117 3075 179 3116 rore
190 3061 251 3117 cteli
264 3070 291 3116 et
299 3059 333 3115 ab
342 3059 464 3116 ubertate
475 3068 569 3124 terrae;
588 3067 675 3115 tamen
696 3061 723 3115 io
746 3059 834 3131 gladio
854 3069 900 3116 tuo

118 3155 200 3219 titis,
213 3151 389 3209 seditionibus
400 3161 428 3208 et
440 3150 652 3208 dissensionibus
668 3161 714 3206 aut
732 3151 835 3222 gaudes
856 3163 902 3207 aut

117 3245 236 3302 terreris.
245 3244 315 3300 liora
328 3257 392 3313 ergo
407 3253 442 3306 tc.
455 3251 483 3298 et
495 3242 558 3298 tolle
567 3241 660 3313 jugum
673 3242 768 3298 acolio
781 3252 836 3297 tuo.

151 3353 264 3412 carui
282 3352 402 3410 xxxiii.
417 3381 453 3394 -
464 3351 509 3410 56.
524 3350 660 3424 Epilogus,
672 3351 705 3406 de
717 3369 803 3424 pugna
815 3363 903 3409 eontra

32 3504 35 3509 ,
117 3448 246 3503 dirimam
280 3444 393 3516 eeenpto
416 3455 558 3516 ttmrtgrtrm
574 3443 744 3515 meriplendo.
782 3443 903 3500 Vincentii

118 3541 238 3611 migrir
260 3538 386 3594 molitio.
408 3536 471 3593 llaec
493 3536 578 3602 tobis,
605 3534 718 3601 iratres,
732 3551 781 3606 pro
802 3537 903 3607 magnif

118 3630 211 3686 tudine
223 3630 409 3701 mysteriorum
423 3629 491 3684 lorte
505 3641 605 3697 pouces
625 3640 673 3696 pro
683 3634 802 3696 tempore
815 3636 903 3682 temen

111 3729 146 3776 ‚ct
155 3719 316 3789 moriribus
329 3717 426 3773 rtestris
437 3725 465 3772 et
479 3730 527 3786 pro
539 3715 636 3772 restris
648 3715 730 3771 multa
741 3714 811 3772 dicta
824 3726 902 3772 suot:

117 3810 176 3866 etsi
186 3809 254 3865 sorte
263 3808 426 3865 enucleatius
439 3808 496 3863 baec
508 3807 619 3877 questio
632 3804 750 3862 discussa
773 3820 826 3860 non
850 3816 901 3872 est,

119 3901 213 3970 partim
223 3910 409 3969 tamenmagna
417 3897 709 3969 mysteriuomepostea
717 3896 740 3952 si
747 3903 902 3963 tractentur,

118 3992 317 4051 iotcoimtort
326 3993 391 4049 liate
401 3991 504 4047 tetiam
513 3997 542 4046 et
550 3989 678 4059 angustie
688 3988 904 4058 temporisetvi·

119 4087 193 4143 ribus
203 4083 312 4149 rustris,
325 4093 353 4138 ct
359 4079 497 4151 capacitati
510 4086 615 4134 uestras.
625 4076 710 4134 Vultis
724 4076 784 4147 plus
796 4090 903 4146 cupere,

115 4175 337 4233 .crcscite:rultis
344 4185 474 4232 erescere.
483 4169 552 4225 bene
560 4169 648 4224 uiuite.
655 4166 780 4236 Quietum
790 4169 905 4223 nonrult

118 4272 187 4327 bene
198 4269 296 4332 virere,
307 4281 359 4321 noo
370 4263 427 4319 uult
436 4275 566 4319 crescere.
574 4260 628 4316 iles
636 4259 713 4315 robis
722 4259 817 4330 epulas
827 4259 904 4316 exbi-

118 4363 205 4420 buerit
218 4361 345 4418 Dominus
359 4359 527 4415 Deusooster
540 4369 588 4426 pet·
604 4354 720 4411 numlitia
727 4357 853 4429 martyris
863 4357 905 4412 tui

120 4453 260 4511 viucetttii.
275 4449 429 4506 Vincentius
438 4463 534 4504 nomen
547 4447 666 4503 victoriae
680 4455 731 4501 cst.
749 4448 843 4503 emate
856 4462 904 4502 eu·

119 4559 192 4613 tem,
207 4553 237 4600 ut
249 4543 360 4599 vinealis
376 4555 447 4598 :non
461 4540 532 4596 enim
547 4538 621 4594 deest
631 4540 780 4608 persecutio
790 4555 799 4603 i
811 4538 904 4594 diabo-

118 4641 161 4693 los
180 4644 335 4708 persecutor
353 4644 405 4700 est,
422 4647 558 4703 nunquam
575 4629 639 4688 lem
655 4632 761 4687 occasio
776 4646 903 4687 corone:

119 4737 222 4784 retritum
236 4726 313 4781 miles
322 4722 420 4779 Christi
434 4722 562 4793 intelligat
576 4735 701 4791 pugnam,
713 4730 740 4776 ct
750 4720 816 4776 sciat
826 4736 905 4792 quem

119 4820 215 4872 vittcat.
231 4813 364 4884 Numquid
373 4814 433 4883 quia
445 4826 496 4867 nott
511 4822 537 4867 te
554 4821 629 4881 urget
647 4811 732 4866 ltustis
753 4811 906 4868 manifestus

120 4909 251 4977 corporis,
266 4920 318 4960 non
332 4913 358 4959 tc
371 4913 446 4974 urget
464 4911 618 4972 persecutor
634 4902 753 4958 occultus
775 4901 906 4958 illecebris
976 4945 981 4956 .

120 4997 230 5052 carnis?
242 4995 345 5063 Quanta
357 4992 473 5064 suggerit
483 4993 573 5047 malni
585 5003 682 5063 quauta
704 5007 750 5063 pcr
775 4993 905 5064 cupidita-

122 5099 191 5154 tetn,
208 5097 304 5159 qtraoto
319 5103 365 5157 por
378 5085 518 5141 timorem?
531 5084 631 5152 Quibus
645 5083 776 5140 illecebris
797 5099 906 5155 persue-

122 5183 166 5237 ‹lct
182 5189 210 5235 ot
224 5196 270 5236 cns
283 5180 316 5234 ad
334 5178 471 5248 sortilegos
484 5221 490 5241 ‚
504 5177 538 5231 nd
560 5177 776 5243 mctltcmaticus,
801 5175 906 5247 quando

156 5359 164 5388 ¹
178 5354 247 5412 editi,
259 5365 305 5404 trun
316 5351 360 5403 tibi
369 5352 439 5402 tices.
453 5349 536 5400 trelius
546 5355 610 5408 tiss„
620 5346 664 5399 ibi.

153 5441 163 5468 ¹
174 5436 231 5495 mre
242 5436 334 5486 russulis
348 5433 510 5490 tuclnduntur,
521 5430 611 5481 desunt
622 5431 646 5479 iu
656 5429 750 5482 duobus
760 5438 813 5482 tiss.

950 1782 1172 1850 plicatcorsuum
1187 1782 1381 1839 utlacietmala
1403 1784 1538 1850 remedia,
1557 1785 1648 1856 ulique
1672 1786 1733 1840 vin·

950 1871 996 1926 eit.
1010 1868 1095 1927 Uitam
1109 1885 1165 1927 rem
1177 1870 1231 1927 dixi
1246 1872 1360 1943 exempli
1371 1874 1453 1944 gratia
1464 1890 1472 1939 ;
1484 1875 1578 1931 ridetis
1587 1883 1661 1931 certe
1676 1874 1734 1946 lam

951 1971 1047 2032 quatita
1061 1962 1182 2019 diabolus
1193 1965 1317 2036 suggerit.
1335 1964 1414 2021 Vides
1427 1966 1500 2021 illum
1512 1977 1586 2023 certe
1596 1967 1732 2037 languere,

952 2055 1026 2112 rides
1035 2054 1203 2112 anhelantem
1215 2057 1242 2113 in
1255 2057 1334 2126 lecto,
1347 2057 1421 2113 tides
1433 2059 1475 2112 ris
1490 2066 1641 2114 monentem
1651 2072 1735 2113 mem·

952 2147 1015 2212 br'a,
1034 2148 1077 2203 vir
1092 2157 1242 2204 moventem
1262 2148 1395 2221 linguam,
1419 2150 1504 2207 lassus
1528 2151 1578 2206 iste
1600 2150 1735 2206 diabolum

953 2238 1043 2292 vincit.
1069 2235 1144 2293 llulti
1173 2238 1292 2294 coronati
1321 2247 1383 2294 sunt
1415 2240 1442 2294 in
1468 2239 1664 2310 amphitheatro
1687 2255 1736 2309 pn·

951 2336 1064 2398 grentes
1086 2326 1120 2382 ad
1142 2326 1241 2384 bestias
1263 2345 1271 2381 ε
1293 2329 1368 2383 multi
1390 2329 1417 2383 in
1437 2329 1504 2384 lecto
1521 2329 1659 2384 rittcentes
1675 2326 1735 2383 diu-

952 2420 1043 2477 bolum
1064 2429 1224 2477 coronentur
1238 2420 1378 2477 :ridentur
1395 2436 1446 2477 non
1459 2436 1489 2477 se
1511 2435 1618 2476 morere
1640 2433 1736 2490 posse,

953 2521 982 2569 et
1002 2513 1073 2569 intus
1091 2514 1118 2568 in
1144 2513 1225 2571 corde
1236 2522 1324 2570 tantas
1342 2515 1412 2570 vires
1424 2514 1541 2578 babent,
1562 2522 1661 2568 tantam
1685 2527 1736 2582 po·

953 2619 1032 2675 gnam
1046 2614 1181 2663 exercent.
1204 2605 1258 2662 Sed
1273 2606 1316 2662 ubi
1340 2614 1382 2663 est
1401 2607 1503 2662 occulta
1522 2621 1619 2677 pugna,
1633 2605 1668 2661 ibi
1688 2621 1737 2661 oc·

953 2696 1022 2751 culte
1036 2697 1156 2753 victorie.

988 2785 1101 2844 CAPUT
1119 2786 1239 2845 xxxtv.
1250 2819 1285 2830 —
1302 2789 1346 2844 st.
1367 2788 1491 2860 llortgres
1509 2790 1633 2845 imitandi.
1649 2790 1739 2859 Quare

954 2879 1004 2933 iste
1020 2877 1149 2946 diximus,
1163 2880 1277 2937 iratres?
1289 2880 1325 2938 ili
1340 2881 1447 2951 quando
1459 2882 1599 2938 celebratis
1619 2884 1736 2938 natalitia

954 2977 1110 3040 murtgrum,
1118 2970 1259 3026 imitemini
1266 2978 1415 3042 martyrem
1427 2986 1475 3026 uec
1485 2972 1581 3041 putetis
1591 2971 1651 3026 ideo
1660 2972 1739 3028 tobis

954 3060 1049 3117 deesse
1062 3076 1143 3132 posse
1163 3063 1318 3119 occasiones
1335 3077 1458 3129 cornuae,
1472 3064 1533 3134 quia
1548 3063 1627 3119 modo
1640 3063 1740 3121 desunt

954 3152 1024 3208 tales
1033 3155 1240 3224 persecutiones.
1259 3155 1314 3211 Nec
1328 3155 1407 3212 modo
1418 3157 1489 3211 eninr
1509 3155 1605 3212 desunt
1619 3156 1740 3227 quotidie

955 3249 1152 3314 persecutiones
1165 3260 1181 3300 tt
1192 3245 1316 3312 diabolo,
1329 3246 1385 3303 site
1397 3261 1446 3318 per
1457 3247 1667 3318 suggestionem,
1682 3246 1741 3304 sire

956 3351 1003 3407 per
1015 3337 1149 3393 molestias
1161 3337 1263 3409 aliquas
1274 3340 1404 3409 corporis.
1416 3337 1455 3395 Tu
1467 3347 1568 3394 tanturn
1580 3339 1685 3396 sciton
1696 3338 1736 3396 lte

956 3434 1019 3489 bere
1034 3433 1232 3504 imperatorem,
1247 3437 1291 3508 qui
1301 3437 1356 3509 jam
1371 3440 1507 3510 precessit
1521 3439 1547 3494 in
1561 3440 1678 3498 coelum:
1692 3440 1741 3496 dc·
1774 3466 1777 3471 ·

955 3523 994 3578 dit
1005 3523 1052 3579 tibi
1065 3525 1135 3580 riam
1147 3528 1339 3599 persequaris,
1351 3536 1412 3584 tene
1427 3536 1453 3584 te
1466 3528 1499 3585 ad
1510 3529 1594 3587 illum.
1606 3531 1665 3587 Noli
1677 3546 1739 3587 cum

955 3614 1061 3680 viceris,
1076 3629 1125 3686 per
1137 3617 1288 3688 snperbiam
1302 3618 1348 3673 tibi
1362 3619 1489 3686 tribuere,
1502 3623 1578 3691 quasi
1591 3621 1625 3678 dc
1637 3622 1741 3679 viribus

956 3705 1009 3759 tuis
1018 3705 1132 3761 itmtatus
1145 3706 1226 3764 itteris
1241 3727 1248 3763 :
1265 3709 1312 3764 sed
1326 3723 1458 3779 praesume
1468 3710 1504 3767 de
1513 3727 1546 3767 eo
1558 3713 1603 3783 qui
1615 3712 1688 3768 dedit
1698 3713 1741 3767 ri·

956 3810 1016 3860 res,
1028 3806 1057 3851 ut
1068 3797 1204 3866 vinceres,
1218 3801 1279 3871 qula
1291 3801 1349 3872 ipse
1361 3802 1423 3857 vicit
1432 3803 1558 3859 seculum
1573 3802 1662 3876 (loon.
1676 3820 1740 3872 xm,

956 3889 1004 3958 ιι)
1019 3906 1027 3942 :
1041 3898 1070 3945 et
1083 3904 1191 3961 semper
1201 3892 1337 3948 coronaris
1351 3892 1373 3957 ⁸,
1388 3902 1416 3949 et
1429 3905 1530 3965 martyr
1542 3893 1605 3952 binc
1616 3895 1701 3963 exies,
1717 3897 1741 3952 si

957 3997 1050 4037 omnes
1061 3984 1220 4040 tentationes
1228 3983 1325 4040 diaboli
1334 3987 1530 4055 superaveris¹.

1222 4137 1338 4196 sentio
1355 4139 1378 4195 V
1398 4144 1407 4164 “
1426 4139 1478 4213 (ιι).

1117 4249 1157 4308 De
1164 4252 1299 4308 luctatione
1307 4251 1387 4307 lacot
1398 4269 1455 4306 cttm
1462 4253 1550 4325 angele
1562 4252 1583 4305 ⁸.

1151 4363 1260 4422 liabitas
1273 4366 1350 4438 paulo
1363 4374 1422 4421 unte
1436 4363 1546 4420 Possint.

995 4480 1020 4533 i.
1036 4478 1101 4533 Boni
1121 4478 1254 4546 mutandi,
1276 4479 1337 4533 mali
1358 4493 1415 4532 orm
1436 4476 1515 4532 donec
1537 4477 1625 4532 ultimo
1645 4479 1745 4551 jndicio

959 4572 1074 4626 dimotis
1097 4571 1152 4640 fiet,
1168 4570 1300 4626 tolerandi.
1324 4569 1387 4627 tiaec
1413 4570 1529 4625 maxime
1551 4572 1640 4641 regula
1661 4569 1744 4626 disci-

959 4665 1039 4734 pllnsc
1052 4664 1201 4719 neccssaria
1222 4671 1263 4717 est
1283 4663 1340 4716 tiro
1354 4660 1518 4728 christiano,
1532 4673 1561 4716 ut
1572 4661 1682 4717 verbum
1697 4663 1745 4718 bei

991 4824 1000 4854 ¹
1014 4828 1046 4872 ite
1056 4821 1104 4870 duo
1113 4827 1167 4868 tiss.
1177 4818 1237 4867 miti
1248 4830 1316 4876 vern,
1327 4814 1405 4888 efficit.

991 4887 1063 4933 ’buo
1081 4889 1134 4931 tiss.
1146 4887 1230 4930 meent
1248 4880 1340 4938 restro,
1351 4886 1404 4929 soti.
1423 4886 1471 4928 nott
1482 4877 1590 4938 malc,si
1609 4877 1729 4930 luberent
1744 4917 1752 4939 ,

959 4951 1292 5101 &maenomenon
1302 5013 1387 5052 nmen.

962 5112 965 5117 ’
991 5063 1317 5178 'mmmmm
1326 5138 1332 5175 τ
1341 5125 1460 5182 cottoersi,
1477 5131 1535 5184 etc,
1544 5123 1588 5174 sed
1606 5124 1658 5174 bec
1676 5123 1708 5172 ab
1716 5133 1755 5173 cst

961 5204 974 5241 a
985 5198 1040 5299 ⁸³⁸5}
1052 5250 1124 5301 editis
1132 5248 1215 5307 deest,
1225 5258 1280 5297 eunt
1291 5246 1383 5312 mugeto
1394 5246 1440 5296 sed
1451 5248 1477 5320 ln
1487 5254 1540 5297 tiss.
1552 5245 1674 5320 nonnullis
1685 5253 1713 5296 et
1730 5246 1756 5293 itt

962 5312 1060 5366 possidii
1078 5309 1200 5369 indiculo,
1217 5322 1272 5371 mp.
1288 5310 1321 5368 8,
1333 5310 1458 5418 ilslrctttrl}J
1471 5321 1599 5421 trpsrttefflue
1617 5307 1751 5423 'sufflat

962 5372 1483 5494 881ιίιιιιιοι
1493 5430 1517 5481 t.

153 5518 298 5576 ⁸'tmottss.,
312 5516 596 5571 disseminandorum
616 5513 794 5575 teninm,etc.,
816 5515 911 5567 omissis
994 5516 1155 5570 'emendatus
1165 5511 1231 5567 adel.
1243 5527 1265 5562 r.
1278 5527 1302 5562 ι.
1313 5513 1381 5563 sirm.
1476 5537 1483 5558 ι
1584 5572 1587 5579 ,

124 5585 203 5636 soritis
214 5583 274 5645 istis,
287 5581 373 5644 purtim
384 5588 461 5631 tumn
472 5589 567 5642 neugrio,
580 5585 626 5626 ctu.

996 5603 1031 5666 (o)
1044 5600 1114 5662 tos,
1128 5601 1136 5650 t
1151 5614 1183 5651 cx
1195 5595 1373 5650 comendatos.
1493 5651 1509 5664 g
1522 5625 1548 5656 ι,
