3728 6276
130 258 202 319 stat
490 231 525 299 f
749 243 972 306 saetosam
992 244 1143 306 nuscum

126 365 506 440 amarmurmultus
525 369 551 427 ia
566 383 624 433 vos,
639 377 666 424 et
692 365 767 423 eritis
778 364 843 420 mibi
855 373 938 419 testes

123 467 172 524 ‘ia‘
179 462 339 527 temlero,
353 461 421 520 eila
434 472 489 519 tota
500 461 592 518 ludaea
604 471 633 517 ει
642 459 782 522 Samaria,
801 466 828 512 et
852 470 937 526 usque

123 555 244 614 sta-taes
257 562 339 610 tene
368 574 379 610 t
397 555 472 628 (Act.
490 570 510 621 t,
524 554 550 619 7,
565 553 605 623 8).
625 551 744 607 Ecclesia
765 558 829 604 tune
842 549 869 603 in
883 563 936 605 ana

123 647 220 705 tdataro
233 654 304 713 erat,
319 648 423 717 accepit
436 646 567 716 Spiritum
574 654 714 699 sanctam:
730 642 757 696 in
780 640 934 696 hominibus

107 745 122 773 ⁶
140 741 235 816 paucis
247 751 318 810 crat,
332 743 359 798 in
374 740 471 812 linguis
497 739 579 793 totius
597 737 671 792 orbis
692 744 760 792 erat.
780 734 850 790 Ecce
862 731 934 803 qaod

118 885 124 930 Ι
142 835 326 909 pretendebat
338 832 430 890 modo.
440 832 506 887 Nam
518 830 587 901 qaod
596 829 641 884 illa
654 827 771 884 Ecclesia
783 841 863 898 parra
880 824 932 880 lin·

145 928 206 1000 guis
225 926 344 984 omnium
366 923 485 995 gentium
514 922 682 992 loquebatur,
709 917 856 989 quidest,
882 916 932 972 nisi

141 1018 213 1092 qaod
225 1017 345 1075 Ecclesia
357 1017 407 1072 ista
421 1028 517 1085 magna
530 1028 546 1068 a
559 1011 623 1068 solis
637 1019 697 1066 ortu
710 1023 796 1080 usque
809 1007 843 1064 ad
854 1021 933 1063 ocea-

97 1097 99 1101 ’
142 1127 202 1169 sum
218 1110 315 1181 linguis
329 1108 450 1164 omnium
463 1106 582 1179 gentiam
597 1105 728 1176 loquitur?
744 1102 822 1159 liudo
836 1102 932 1173 imple·

142 1213 186 1260 tur
199 1201 270 1274 quod
294 1209 358 1256 tune
385 1197 598 1270 promittebatur.
617 1194 782 1261 Audivimus,
799 1193 930 1250 ridemus.

144 1295 222 1361 dudi,
235 1289 500 1365 fitiu‚etoide,(Ptul.
516 1306 586 1354 ratu,
602 1288 932 1359 illaipsireginaedietum

141 1393 194 1453 εει,
206 1384 284 1450 dadi,
302 1383 368 1453 filiu,
382 1391 405 1437 ct
415 1382 482 1447 sidu·
491 1381 552 1436 audi
563 1380 732 1451 promissum,
742 1379 800 1434 ride
812 1379 930 1449 eomple-

141 1486 209 1534 tcm.
225 1474 283 1532 Non
296 1482 321 1530 te
334 1472 429 1530 iclellit
443 1473 514 1529 beas
527 1481 597 1535 tuns,
614 1486 665 1526 non
677 1479 703 1526 te
714 1470 806 1525 lelellit
817 1484 931 1540 sponsas

140 1577 212 1633 taus,
224 1581 277 1621 noo
288 1575 314 1622 te
327 1564 418 1621 lelellit
430 1565 474 1635 qai
494 1580 544 1620 sao
560 1563 689 1634 satiguinc
703 1571 729 1618 te
741 1562 840 1618 dotauit
854 1580 861 1617 ε
877 1577 929 1618 non

140 1670 169 1716 te
193 1657 286 1714 lelellit
301 1657 346 1727 qai
367 1656 401 1712 de
424 1654 494 1711 laada
521 1655 670 1726 pulchram,
683 1652 717 1709 de
730 1653 930 1709 immundaru-

140 1749 230 1820 gincm
242 1747 360 1805 lecit.'lu
373 1747 421 1802 tibi
433 1747 560 1818 promissa
570 1761 600 1802 es
610 1763 617 1799 :
626 1744 674 1802 sed
684 1745 813 1816 promissa
827 1745 852 1800 in
863 1760 929 1816 pau-

139 1839 187 1905 cis,
197 1839 303 1910 impleta
318 1839 346 1893 in
359 1838 459 1895 multis.

175 1930 291 1987 CAPUT
301 1929 409 1985 ΝΑ.
421 1928 533 1999 Spiritus
542 1927 931 1997 tutetuutuuuuumuutuueor·

139 2023 210 2094 potia
224 2021 356 2085 Eccletite,
371 2030 442 2075 extro
455 2037 510 2075 eum
522 2036 572 2074 ucat
584 2019 700 2075 liabetur.
714 2019 799 2074 Nemo
811 2034 875 2090 ergo
889 2019 930 2077 dt-

138 2123 182 2171 eat
195 2132 203 2169 ε
217 2113 315 2183 decepi
327 2112 453 2184 Spiritum
466 2121 603 2176 sanctam;
616 2125 699 2182 quare
712 2126 764 2166 non
776 2111 870 2180 loquor
880 2110 930 2165 lin-

138 2207 199 2279 guis
218 2206 337 2262 omnium
359 2205 502 2276 gentium?
525 2204 553 2261 Si
575 2203 657 2259 tultis
681 2203 779 2259 babere
800 2202 929 2273 Spiritum

137 2305 275 2363 sanctum,
289 2295 434 2362 intendite,
448 2294 544 2350 iratres
556 2296 609 2351 mei
621 2295 746 2365 :spiritus
767 2304 859 2352 noster
877 2309 930 2364 utto

138 2388 205 2445 sivit
215 2389 303 2443 omnis
314 2387 404 2450 bomo.
416 2389 503 2443 anima
517 2397 641 2456 uocatur;
654 2387 762 2460 spiritus
776 2398 866 2442 noster
876 2401 930 2458 qao

137 2479 205 2534 sirit
223 2479 343 2548 singulus
363 2481 478 2548 quisquo
500 2479 590 2544 borno,
605 2479 693 2536 anima
707 2488 818 2535 uocatur
831 2496 838 2533 :
852 2489 880 2535 ct
891 2479 931 2535 ai-

138 2567 209 2624 detis
226 2567 288 2640 ataid
310 2567 388 2623 laeiut
408 2570 495 2623 attima
516 2568 542 2623 ia
564 2584 686 2640 corpore.
701 2569 796 2627 Omnia
812 2571 929 2626 membra

139 2667 263 2732 regetat;
275 2673 323 2730 por
334 2660 426 2715 oculos
439 2661 522 2726 uidet,
539 2676 586 2731 per
597 2675 676 2716 aures
689 2661 774 2728 audit,
789 2676 837 2730 per
851 2674 930 2715 nares

139 2753 240 2820 olfacit,
251 2768 299 2825 per
309 2753 424 2824 liugnam
436 2755 562 2823 louaitur,
570 2771 617 2826 per
627 2771 721 2812 manas
734 2765 869 2828 operatur,
882 2767 930 2826 per

139 2845 223 2918 pedes
239 2845 378 2901 ambalat:
394 2847 874 2916 omnibussintuladastmembris,at
888 2849 927 2902 uia

140 2946 221 3005 vanu
235 2937 317 2994 uitam
330 2938 377 2994 dat
397 2939 538 3006 omnibus,
551 2939 637 2995 cilicia
651 2940 772 3012 singulis.
786 2939 845 2995 Non
857 2939 932 2996 audit

139 3030 246 3100 oculas,
259 3045 312 3086 non
325 3031 398 3087 ridet
409 3032 491 3098 auris,
501 3031 633 3089 nonridet
647 3030 803 3102 liogannes
816 3032 931 3103 loquitar

139 3121 360 3188 aunsetoculus3
370 3122 512 3180 sedtamen
522 3122 929 3194 uiuittriritaarisviuitlingtta;

140 3212 228 3270 cilicia
240 3213 346 3269 diuersa
360 3222 441 3280 sunt,
456 3214 509 3269 rita
521 3214 679 3276 eommunis.
697 3214 741 3271 Sic
757 3225 798 3270 est
810 3214 929 3272 Ecclesia

140 3299 209 3356 bei:
223 3300 250 3356 in
271 3300 332 3356 aliis
354 3300 455 3356 sanetis
477 3298 542 3355 lacit
561 3300 704 3365 miracula,
720 3301 746 3355 in
760 3300 820 3356 aliis
831 3301 930 3358 sattetis

140 3392 258 3465 loquitur
270 3392 422 3459 ueritatem,
438 3392 465 3448 in
479 3392 539 3448 altis
551 3393 651 3449 satietis
665 3393 781 3448 custodit
792 3393 928 3464 uirginita-

139 3494 213 3551 tem,
227 3484 254 3539 in
267 3483 327 3539 aliis
340 3484 441 3539 sanetis
451 3485 567 3541 custodit
580 3485 731 3556 pudicitiam
745 3485 928 3556 conjugalem,

138 3575 168 3633 ia
180 3575 241 3631 aliis
254 3574 316 3643 boc,
334 3576 360 3633 in
375 3559 434 3634 aliis
448 3577 511 3635 illud
524 3595 530 3633 :
543 3577 639 3649 singuli
653 3577 759 3649 propria
773 3584 928 3648 operantur.

138 3667 189 3726 sed
198 3668 299 3739 pariter
311 3670 411 3726 uiuunt.
423 3669 500 3740 Quod
511 3680 600 3726 autem
612 3677 655 3725 est
663 3669 751 3724 anima
761 3667 867 3739 corpori
878 3667 929 3724 lto·

139 3759 229 3826 minis,
243 3759 295 3817 boe
306 3768 348 3817 est
359 3760 475 3832 Spiritus
486 3770 594 3817 sanctas
607 3761 713 3832 corpori
727 3760 844 3826 Christi,
857 3759 930 3830 quod

137 3859 181 3910 εει
195 3850 336 3908 Ecclesia:
349 3851 400 3908 ltoc
412 3852 468 3923 agit
480 3851 595 3923 Spiritus
608 3861 716 3908 sanetas
728 3851 755 3907 in
770 3860 824 3906 tota
838 3850 928 3906 Eccle·

136 3943 188 4008 tit,
200 3941 273 4012 quod
285 3942 339 4013 agit
352 3942 439 3998 anima
454 3943 480 3997 iu
493 3942 616 3999 omnibus
637 3943 764 4000 membris
775 3942 855 3997 anius
868 3956 916 3998 cor

137 4034 220 4109 poris.
236 4034 292 4091 Sed
303 4032 392 4091 ridete
405 4033 467 4105 qaid
479 4036 610 4100 careatis,
623 4035 711 4093 ridete
724 4035 787 4106 quid
800 4034 927 4090 obsecre·

137 4122 292 4192 t‘m-sldete
319 4123 381 4194 naid
409 4125 534 4180 timeatis.
558 4124 695 4196 Contingit
714 4135 743 4181 ut
766 4126 793 4181 in
814 4138 927 4195 corpore

138 4217 269 4283 humanm
282 4216 336 4273 imo
349 4214 383 4272 de
397 4229 510 4287 corpore
532 4216 640 4288 aliquod
661 4217 820 4288 praecidatur
840 4232 926 4273 mem·

138 4310 227 4376 hum,
238 4322 343 4375 manus,
356 4307 464 4378 digitus,
476 4322 538 4378 pes;
549 4307 677 4378 numquid
686 4308 825 4378 precisum
840 4307 915 4378 sequi

137 4412 184 4463 ιιε
193 4400 302 4458 animal
314 4400 381 4457 Cum
394 4400 421 4455 in
432 4415 545 4470 corpore
556 4408 637 4465 esset,
653 4399 774 4466 uirebat;
789 4399 927 4471 praecisum

137 4495 236 4556 mittit
249 4493 340 4549 vitam.
354 4492 398 4549 Sic
408 4501 435 4547 et
449 4493 528 4549 ltomo
538 4491 855 4548 christianaseatltolicas
868 4498 927 4557 est,

138 4588 202 4649 ua
214 4585 242 4641 in
254 4583 461 4654 corporalium
476 4583 604 4653 precisus
620 4581 762 4638 haereticus
774 4581 859 4637 lactus
870 4589 927 4644 εει,

139 4677 285 4741 ultrum
305 4685 469 4746 amputatam
484 4689 537 4730 non
550 4674 669 4744 sectabor
687 4672 806 4743 spiritus.
822 4671 850 4726 Si
863 4684 928 4741 ergo

139 4766 219 4829 dl!
239 4765 331 4821 virere
351 4765 385 4820 de
405 4764 504 4834 Spiritu
523 4775 631 4829 saneto,
647 4773 736 4818 tenete
749 4761 926 4827 ebaritatem,

139 4867 226 4925 ute
238 4856 386 4920 ueritatem,
401 4856 550 4911 desiderate
563 4856 690 4910 unitatem
701 4897 708 4919 ‚
719 4863 749 4910 ut
767 4851 928 4924 perveniatis

140 4947 368 5013 flatemilatem.
383 4949 477 5001 butten.

348 5083 462 5137 snttno
481 5083 626 5137 acanum
644 5091 650 5105 ·
667 5084 714 5154 (a).

351 5214 432 5264 mulie
449 5222 616 5275 t‘eatecttstes,
633 5231 650 5265 n
666 5216 711 5279 (b).

179 5323 334 5399 uetitus
352 5335 453 5380 scottus
467 5325 534 5379 douo
548 5326 691 5397 lippiturum
705 5331 826 5385 unitatem
842 5330 927 5386 Eccle-

153 5417 324 5493 Μαι
337 5418 504 5471 coutmcutiut.
526 5417 639 5489 Propter
659 5421 801 5476 aduentam
815 5422 928 5495 Spiritus

181 5558 315 5617 *m
328 5550 359 5600 ad
372 5549 404 5600 el.
416 5551 441 5600 d.
453 5565 474 5601 r.
488 5558 506 5601 t.
516 5560 566 5603 tat.
579 5568 602 5603 a.
617 5555 681 5605 etad
697 5557 765 5608 sirm.

307 5625 338 5664 ex
351 5613 521 5663 sirmondianis
530 5615 569 5664 ut.

131 5680 134 5685 '
150 5714 162 5729 ,.
178 5708 182 5719 .
321 5679 349 5727 ει
359 5673 427 5723 Floro
437 5676 524 5726 citatur
536 5677 566 5726 ad
577 5676 661 5726 eolles.
675 5692 705 5730 tt.

144 5732 554 5896 ,Α

991 363 1076 418 sancti
1091 362 1237 421 hodiernus
1250 365 1308 422 dies
1320 367 1450 425 solennis
1466 378 1508 424 est
1525 369 1643 437 nobiae
1658 385 1778 430 marre·

988 458 1076 512 ctione
1090 456 1196 514 Domini
1215 458 1470 531 quinquagesimas,
1491 470 1598 532 septem
1622 462 1778 532 septimanis

987 547 1186 618 multiplicatus.
1198 546 1254 606 Sed
1272 559 1458 621 computantes
1476 560 1582 621 septem
1604 552 1777 622 ιεριίωιιιιι.

986 637 1158 710 qnadraginta
1171 655 1267 697 norem
1278 641 1419 699 invenietis
1429 662 1438 698 z
1450 659 1520 700 unus
1530 643 1652 710 additas,
1663 653 1696 699 ut
1704 643 1777 700 aubis

985 733 1073 787 auitas
1083 734 1294 791 commendetur.
1303 734 1371 804 Quid
1382 737 1439 808 ipsc
1447 737 1579 793 adrentus
1591 735 1711 807 Spiritus
1719 751 1779 792 saa·

984 823 1039 887 eti,
1053 821 1117 892 qaid
1128 822 1201 895 egit?
1221 824 1393 882 Praeseatiam
1411 841 1487 883 suam
1499 827 1572 884 unde
1587 827 1780 885 docatttanda

984 916 1163 972 monstrarit?
1183 916 1294 990 Linguis
1316 920 1435 974 omnium
1458 920 1578 991 gentium
1606 920 1694 975 locati
1717 929 1778 976 saut

983 1023 1089 1064 omnes.
1110 1007 1195 1064 Erant
1206 1019 1296 1066 autem
1308 1009 1335 1065 in
1347 1026 1400 1066 uno
1411 1011 1471 1067 loco
1481 1019 1592 1067 εειιιιιω
1606 1009 1702 1082 viginti
1713 1025 1721 1063 τ
1733 1026 1776 1080 par

983 1100 1076 1157 decem
1095 1099 1274 1158 duodenarius
1305 1103 1493 1173 Apostolorum
1515 1118 1647 1159 numeras
1660 1110 1777 1158 meratus

984 1192 1111 1264 mysterio
1122 1201 1165 1249 εει
1178 1192 1346 1264 decuplatus.
1360 1193 1428 1261 Quid
1448 1207 1524 1264 ergo,
1539 1193 1638 1264 singuli
1663 1193 1692 1247 in
1713 1205 1776 1263 quos

983 1286 1056 1342 venit
1067 1285 1182 1356 Spiritus
1193 1294 1319 1349 sanetus,
1331 1285 1442 1357 singulis
1456 1284 1553 1356 linguis
1571 1284 1698 1340 omnium
1711 1298 1774 1354 geta·

983 1379 1048 1433 tium
1061 1386 1123 1432 sant
1137 1376 1234 1443 locuti,
1244 1376 1282 1432 illi
1299 1376 1350 1431 alia
1364 1377 1469 1448 lingna,
1483 1385 1511 1433 ct
1521 1376 1560 1430 illi
1571 1375 1642 1440 alia,
1657 1385 1687 1431 et
1704 1372 1775 1445 quati

982 1468 1129 1524 diuiserunt
1140 1467 1209 1524 inter
1218 1482 1249 1524 se
1257 1467 1359 1538 linguas
1370 1467 1488 1523 omnium
1500 1466 1640 1538 gentiam?
1650 1465 1711 1521 Non
1720 1464 1773 1522 sie:

982 1560 1030 1616 sed
1055 1561 1236 1631 unusquisque
1260 1560 1350 1625 bomo,
1362 1575 1431 1615 tinas
1444 1558 1526 1614 borao
1536 1559 1640 1630 linguis
1657 1558 1773 1614 omniura

981 1654 1099 1724 gentiam
1112 1652 1279 1724 loquebatur.
1293 1652 1464 1723 loquebatur
1481 1666 1552 1706 anas
1572 1651 1659 1706 bomo
1682 1649 1774 1721 linguis

981 1746 1100 1802 omnium
1112 1744 1231 1816 gentium
1245 1761 1253 1799 z
1268 1745 1355 1800 unitas
1369 1744 1496 1799 Ecclesiae
1506 1742 1535 1798 ia
1546 1743 1648 1814 linguis
1657 1741 1771 1799 omnium

980 1837 1108 1905 gentiam.
1121 1835 1190 1892 Ecce
1201 1844 1229 1892 et
1242 1835 1286 1891 ltie
1299 1840 1388 1890 atritas
1404 1833 1534 1890 Eccltsim
1546 1832 1693 1890 catholicae
1703 1847 1772 1889 tota·

981 1928 1123 1984 utendatur
1136 1937 1193 1984 toto
1204 1929 1270 1983 orbe
1281 1928 1395 1984 diffusae.

1015 2020 1043 2074 Ξ.
1065 2019 1178 2089 Spiritus
1199 2031 1302 2075 tanetus
1325 2029 1398 2074 atro
1420 2019 1561 2075 Ecclesium
1584 2034 1640 2073 uota
1662 2017 1770 2074 tuctu.

981 2112 1031 2181 Qui
1051 2127 1115 2182 ergo
1136 2110 1216 2167 ltabet
1235 2111 1363 2182 Spiritum
1375 2120 1496 2166 sanctum
1507 2111 1529 2177 ¹,
1543 2110 1570 2165 in
1581 2109 1705 2166 Ecclesia
1718 2119 1770 2170 est.

981 2219 1041 2274 qam
1051 2204 1292 2274 loqttituromnium
1303 2204 1407 2274 linguis.
1418 2203 1590 2274 Quicumque
1601 2201 1770 2274 preteritum

981 2295 1129 2351 Ecclesiam
1150 2306 1205 2363 est,
1227 2295 1381 2352 nonhabet
1402 2296 1530 2368 Spiritum
1553 2305 1692 2351 sesamam.
1715 2294 1770 2350 ldcc

981 2387 1052 2443 euim
1066 2386 1180 2457 Spiritus
1194 2395 1301 2442 sanctas
1315 2387 1341 2441 in
1355 2388 1474 2442 omnium
1488 2387 1589 2458 linguis
1605 2387 1725 2458 gentium
1743 2399 1769 2441 se

982 2478 1167 2535 demonstrare
1178 2478 1300 2550 dignatas
1314 2488 1369 2545 εει,
1383 2489 1411 2534 at
1428 2479 1516 2535 illese
1529 2479 1664 2550 intelligat
1676 2478 1768 2533 habere

982 2569 1106 2640 Spiritum
1117 2580 1248 2635 sanctam,
1261 2570 1307 2641 qui
1322 2569 1459 2625 inanitate
1470 2569 1601 2624 Ecclesiae
1612 2571 1766 2630 continetur.

982 2677 1041 2734 gum
1055 2661 1151 2733 linguis
1170 2662 1294 2717 omnibus
1314 2662 1441 2733 loquitur.
1457 2661 1544 2718 duam
1557 2678 1666 2733 corpus,
1678 2660 1768 2717 Paulas

981 2755 1045 2812 dtett
1059 2757 1201 2828 Apostolus
1215 2776 1222 2813 :
1236 2774 1315 2812 auam
1327 2774 1430 2828 corpus,
1441 2765 1465 2812 ct
1475 2774 1541 2811 anas
1550 2757 1658 2827 spiritate
1667 2754 1768 2827 (Epltet.

981 2861 1019 2915 tv,
1034 2848 1075 2921 l).
1088 2847 1205 2903 llembm
1216 2857 1307 2904 nostra
1320 2849 1458 2904 attendite.
1471 2848 1561 2905 llaltis
1573 2848 1704 2904 membris
1714 2860 1769 2902 eoa·

980 2939 1103 2996 stitutum
1116 2949 1159 2996 est
1176 2955 1289 3010 eorpus,
1301 2948 1329 2996 et
1340 2948 1444 3012 vegetat
1466 2939 1588 2996 membra
1602 2939 1693 2996 anania
1706 2950 1767 2992 unm

982 3030 1100 3099 spiritus.
1114 3029 1185 3087 Ecce
1198 3031 1314 3086 lmmano
1329 3030 1434 3102 spirita,
1447 3044 1501 3102 qao
1514 3045 1575 3086 sam
1588 3045 1641 3101 ego
1654 3029 1710 3100 ipse
1722 3027 1765 3082 bo·

981 3137 1045 3188 ιο,
1069 3123 1189 3179 membra
1214 3124 1304 3179 omnia
1326 3123 1447 3195 colligo:
1469 3124 1574 3193 impero
1595 3121 1721 3178 membris
1741 3127 1766 3174 at

981 3224 1149 3283 moveantar,
1173 3214 1285 3271 intendo
1305 3215 1398 3270 oculos
1416 3215 1449 3270 ad
1469 3213 1635 3282 ridendum,
1650 3208 1764 3268 auresad

980 3307 1154 3373 audiendam,
1171 3307 1288 3378 linguam
1300 3307 1334 3363 ad
1347 3305 1526 3376 loquendam,
1540 3319 1640 3361 manus
1660 3304 1693 3360 ad
1707 3316 1765 3374 ope·

981 3399 1109 3466 randum,
1123 3399 1205 3470 pedes
1217 3399 1250 3456 ad
1263 3399 1463 3456 ambulandam.
1476 3398 1571 3455 Ollicia
1592 3400 1762 3454 membrorum

981 3486 1761 3563 dispartitasant,sedunusspiritus¹continetomnia.llultt

978 3587 1116 3660 jubentur,
1131 3586 1213 3641 multa
1221 3586 1289 3642 stunt
1300 3602 1307 3639 :
1322 3598 1390 3640 anus
1398 3584 1484 3655 jabet,
1502 3584 1549 3639 ani
1560 3584 1687 3639 sarritur.
1698 3577 1761 3649 Quod

980 3690 1023 3738 est
1044 3680 1153 3750 spiritus
1165 3689 1267 3744 noster,
1279 3678 1305 3733 id
1320 3686 1362 3734 est
1375 3678 1461 3732 aniana
1481 3685 1586 3743 nostra,
1599 3675 1635 3730 ad
1656 3671 1759 3729 membra

981 3783 1087 3841 nostra3
1102 3773 1153 3829 boe
1169 3771 1283 3844 Spiritus
1295 3779 1403 3828 satietas
1421 3769 1454 3825 ad
1474 3770 1595 3823 membra
1609 3767 1722 3828 Christi,
1734 3760 1760 3815 td

980 3880 1077 3936 eorpus
1091 3864 1210 3930 Christi,
1225 3862 1295 3933 quod
1319 3871 1361 3921 est
1383 3860 1513 3917 Ecclesia.
1531 3858 1596 3914 ldco
1610 3856 1757 3930 Apostolus.

979 3972 1040 4014 cum
1055 3971 1151 4028 eorpus
1161 3970 1241 4010 anum
1253 3954 1426 4018 nominasset,
1436 3966 1470 4007 ne
1480 3950 1692 4022 intelligeremus
1703 3957 1759 4001 nur·

982 4057 1053 4104 tuum
1066 4063 1181 4117 corpus:
1196 4045 1291 4113 Utrum,
1305 4044 1401 4116 inquit,
1411 4058 1513 4113 corpus.
1523 4041 1579 4098 Sed
1589 4054 1658 4112 rogo
1667 4033 1759 4105 tetuli

980 4140 1032 4196 boc
1050 4139 1167 4209 corpas?
1179 4137 1259 4193 Viuit.
1281 4135 1377 4193 Unde?
1399 4135 1435 4190 be
1453 4147 1508 4189 ano
1528 4133 1638 4203 spirita.
1660 4131 1693 4186 Et
1709 4139 1758 4184 stat

979 4234 1093 4305 spiritus.
1107 4230 1243 4288 Attendite
1257 4244 1331 4300 ergo,
1347 4225 1491 4290 frenesin
1503 4235 1597 4282 nostro
1609 4225 1758 4296 carpereti

979 4323 1070 4380 dolete
1086 4336 1133 4379 eos
1146 4321 1239 4394 quide
1257 4319 1373 4376 Ecclesia
1389 4315 1582 4389 praecidantur.
1602 4316 1633 4374 ln
1647 4309 1758 4373 membrb

980 4414 1088 4480 nostris,
1102 4413 1227 4486 quamdiu
1242 4413 1368 4479 risimus,
1379 4425 1440 4467 cum
1460 4408 1519 4464 sani
1537 4424 1651 4474 sumas.
1664 4407 1757 4478 impluat

979 4506 1069 4562 omnia
1082 4504 1202 4561 membra
1216 4502 1303 4559 cilicia
1317 4517 1376 4558 saa.
1391 4501 1419 4558 Si
1437 4515 1519 4555 unum
1534 4499 1689 4555 membrum
1702 4494 1758 4551 dunt

980 4600 1115 4661 alicunde,
1129 4598 1328 4668 compatiuntur
1339 4595 1429 4650 oninia
1447 4593 1580 4648 membra.
1597 4592 1699 4648 'lamen
1711 4585 1756 4659 quit

980 4691 1007 4746 in
1022 4703 1135 4757 corpore
1154 4696 1212 4754 est,
1225 4687 1318 4743 dolete
1333 4693 1441 4759 potest,
1455 4682 1595 4752 exspirare
1607 4697 1661 4737 oon
1675 4683 1755 4750 potest.

980 4780 1048 4850 Quid
1060 4790 1102 4836 est
1115 4779 1186 4836 enim
1200 4777 1345 4848 exspirare,
1358 4775 1408 4832 nisi
1418 4774 1542 4847 spiritum
1557 4773 1700 4830 amitterei
1712 4770 1755 4826 lan

980 4888 1045 4929 uero
1059 4871 1081 4926 si
1104 4870 1251 4926 membrum
1265 4867 1424 4939 praecidatur
1440 4865 1475 4921 de
1493 4879 1623 4934 corpore,
1645 4855 1756 4931 namatii

980 4964 1100 5034 sequitur
1122 4959 1255 5031 spiritus?
1278 4959 1313 5014 Et
1337 4966 1424 5014 tamea
1445 4954 1598 5011 membrum
1619 4951 1756 5026 agnoscitur

980 5055 1044 5129 qaid
1057 5064 1113 5120 est;
1128 5054 1226 5124 digitus
1239 5060 1291 5115 est,
1306 5056 1464 5131 manas-est,
1478 5046 1619 5103 bracltium
1633 5053 1684 5109 est,
1697 5039 1755 5097 autb

981 5155 1035 5203 cst:
1047 5138 1576 5216 panatercorpttsltabctlotmam.sednon
1588 5135 1669 5191 babet
1680 5133 1754 5186 sitiat·
1806 5162 1809 5227 i

980 5239 1026 5296 Sic
1047 5247 1074 5293 et
1095 5236 1176 5291 ltonto
1198 5234 1232 5289 ab
1254 5231 1373 5288 Ecclesia
1388 5226 1654 5301 superunctionem
1678 5225 1703 5278 ab
1721 5218 1755 5276 illt

980 5340 1195 5392 sacramentum,
1209 5326 1311 5382 invenis
1323 5343 1329 5379 :
1341 5324 1439 5396 quateris
1451 5322 1636 5392 Baptismam,
1648 5315 1755 5375 invenis:

981 5425 1080 5497 unsaris
1101 5420 1268 5494 sytttbolum,
1281 5417 1394 5473 invenis.
1415 5413 1513 5471 Forma
1536 5423 1606 5469 est:
1629 5410 1678 5468 uisi
1698 5407 1754 5464 iatat

1014 5565 1022 5597 ¹
1035 5571 1083 5612 tloc
1095 5559 1178 5610 etalio
1188 5557 1293 5622 quolam
1304 5554 1364 5606 inlra
1374 5553 1426 5606 loeo
1438 5552 1749 5616 vermammoadorratfl

982 5628 1054 5678 atissa
1064 5624 1171 5673 restitttit
1181 5620 1260 5670 codex
1272 5619 1406 5668 vaticanus.

983 5733 986 5739 .
1015 5680 1391 5740 transmeduanensis.
