3750 6270
121 189 174 247 etr
737 182 766 239 S.
787 177 968 238 auuusrlttt
983 176 1134 237 ertscout

121 302 291 361 moabitem.
963 292 1042 348 Verbi
1055 293 1114 359 Dei,
1130 307 1177 363 per
1188 290 1338 364 quodiana
1349 292 1530 361 suutomnia,
1542 291 1671 365 apeme

154 393 267 452 CAPUT
285 393 437 450 tlh-tt.
459 391 591 459 Quomodo
604 389 671 446 oculi
684 397 816 444 ιιιιιιιιιιιι.
832 385 910 443 Stare
961 393 1073 440 vesuos.
1089 383 1162 441 ldem
1178 385 1274 441 Tobias
1292 400 1404 443 morsus
1422 386 1506 443 hlium
1527 402 1628 457 mum,
1645 400 1671 447 at

119 483 208 541 lesam
228 485 299 561 guid.
318 482 459 552 Quomodo
480 483 551 539 euim
574 489 702 537 mnarum
714 478 785 535 oculi
803 476 909 534 nostri?
960 476 1125 532 monebatut
1141 477 1330 533 clamaretrld
1344 492 1402 546 eat,
1416 476 1451 534 ad
1463 479 1534 535 buna
1551 492 1671 549 open

119 575 258 646 Quomodo
270 589 318 647 per
331 574 411 630 iidem
427 573 557 629 sentimus
575 570 709 628 Christum
726 575 908 625 transeuntem
960 566 1014 621 bat
1029 567 1138 624 Dicebat
1151 567 1190 623 illi
1204 576 1234 623 ut
1251 568 1326 624 daret
1343 568 1517 639 pauperibus,
1539 568 1671 642 precipld

119 665 258 738 temporali
277 664 491 735 dispensatione;
520 665 560 718 sie
577 660 753 732 intelligamus
773 657 907 714 Christum
959 658 1142 731 eleemosynas
1154 656 1254 716 luceret
1267 658 1456 732 indigentibus,
1470 660 1671 719 etdooebatdlt

118 766 233 813 stantem
251 754 461 812 incommutabili
475 753 631 810 aeternitate.
652 751 691 807 lbi
710 751 782 809 euim
800 757 909 806 sanatur
960 747 1548 821 Fili,eleernoaguonovvsinantirsiateasbruv
1556 749 1671 825 (Telau

118 846 222 912 οιιιΙιιι,
235 846 341 918 quando
353 845 506 917 intelligitur
519 842 615 900 Christi
628 842 761 899 divinitas.
776 840 908 912 Percipiat
958 838 1105 894 Consilium
1118 839 1295 911 percipiendas
1311 850 1391 911 atque
1402 841 1555 898 obtinendae
1574 842 1646 899 lucis
1662 856 1671 901 t

118 935 171 993 hoc
191 934 312 993 Charitas
331 945 442 993 uestra:
463 934 590 991 attendite
609 933 680 1005 quod
701 933 788 990 ιιίιιιιιι
806 931 907 1004 grande
958 928 1047 983 dabat.
1060 928 1241 1002 Eteosorgnoe,
1257 930 1355 1002 iniquit,
1370 948 1421 988 non
1434 933 1521 987 sinant
1533 933 1572 989 ire
1584 934 1671 989 iata

118 1036 322 1084 sacramentum.
345 1027 439 1084 Dmuia
460 1025 642 1098 temporaliter
662 1035 736 1097 gesta
755 1039 772 1080 a
794 1023 907 1081 Domino
957 1019 985 1076 Si
1000 1020 1107 1078 eihlius
1120 1022 1293 1093 responderet
1304 1023 1431 1092 miratus,
1445 1022 1513 1093 Quid
1526 1038 1605 1096 ergo,
1620 1034 1671 1095 pau

118 1127 210 1175 nosue
223 1117 286 1175 lesu
298 1117 423 1185 Christo,
439 1115 517 1172 tidem
529 1115 607 1172 nobis
620 1114 751 1171 inserunt.
765 1111 906 1170 Credimus
957 1113 1140 1186 eleemosynas
1154 1128 1206 1169 non
1220 1114 1318 1183 iecisti,
1332 1124 1361 1170 ut
1373 1114 1453 1171 modo
1464 1129 1553 1172 eccm
1567 1114 1671 1187 logmvl

118 1212 146 1269 in
160 1211 256 1269 Filium
270 1213 334 1278 Dei,
349 1226 403 1267 uon
415 1210 500 1266 solum
513 1209 540 1264 in
553 1207 669 1265 Verbum
680 1222 729 1278 per
746 1204 817 1278 qaod
837 1204 906 1261 laeta
958 1206 1335 1274 nuncnonnointenehrises,
1348 1207 1394 1278 qui
1403 1206 1558 1273 mihidicis,
1569 1206 1671 1265 ewa

118 1311 181 1358 suut
198 1303 302 1367 omnia3
315 1299 362 1356 sed
376 1300 403 1355 in
422 1299 508 1371 ipsum
530 1297 647 1354 Verbum
662 1296 761 1352 lactum
774 1309 903 1361 earnem,
957 1312 1008 1351 nov
1016 1297 1102 1352 simut
1112 1298 1150 1353 ire
1159 1299 1187 1353 in
1200 1299 1455 1356 tenebroslliorerat
1464 1299 1509 1356 ille
1518 1298 1554 1356 de
1564 1315 1621 1370 gua
1631 1299 1671 1357 lut

118 1403 149 1447 ut
167 1391 298 1448 habitaret
318 1391 345 1446 in
366 1389 457 1459 nobis,
471 1397 561 1444 natum
582 1387 617 1443 do
637 1387 738 1458 virgine
758 1386 856 1453 hama,
879 1393 907 1441 et
957 1399 1029 1446 cerer
1043 1390 1139 1456 hlium,
1152 1400 1261 1448 nouerat
1274 1393 1300 1447 in
1314 1393 1439 1449 interiore
1454 1392 1562 1449 bomine
1582 1390 1671 1463 quod*

117 1491 213 1538 cetera
224 1497 284 1553 quae
297 1480 362 1537 lides
375 1480 464 1548 hahet,
478 1495 539 1551 quur
552 1478 630 1534 nobis
653 1477 769 1534 exhibita
784 1485 863 1546 aunt,
876 1486 905 1533 ιιι
956 1480 1010 1536 bat.
1027 1480 1107 1539 Filius
1119 1483 1188 1553 patri
1199 1484 1349 1554 porrigebat
1360 1500 1482 1551 manum,
1496 1492 1526 1539 ut
1537 1483 1671 1543 amhulvrt

118 1573 239 1629 Christus
257 1572 401 1640 transiret,
426 1582 455 1627 et
474 1581 503 1626 ιιι
526 1569 591 1626 caeci
611 1570 721 1640 vestigia
745 1569 906 1625 transeuntis
957 1582 1073 1640 terram;
1087 1581 1116 1630 et
1129 1583 1202 1646 pater
1214 1574 1278 1642 lilio,
1292 1585 1321 1631 ut
1335 1576 1469 1632 babitaret
1480 1575 1507 1631 in
1521 1575 1607 1631 cmlo.

117 1663 274 1730 audientes,
296 1663 444 1719 chmareut
464 1661 610 1733 operibus,
632 1661 686 1715 vita
714 1658 904 1730 professionem
992 1665 1036 1720 l'l.
1056 1663 1224 1720 Clasnundam
1249 1665 1313 1720 inter
1336 1665 1421 1721 turias
1443 1666 1555 1721 emmor«
1576 1662 1671 1737 prohdh

118 1753 179 1811 ddei
198 1760 447 1811 commemorantes.
470 1752 528 1808 iam
551 1759 581 1806 ut
601 1750 747 1808 clamantes
767 1758 903 1815 sanemur,
956 1755 1084 1822 Breviter,
1100 1755 1305 1821 utcoueludam,
1318 1754 1426 1825 iratres,
1441 1770 1596 1812 ammonem
1611 1756 1671 1813 istu

117 1858 170 1907 stat
181 1851 269 1907 iesus.
286 1849 389 1906 Etenim
400 1847 457 1919 iam
470 1855 585 1903 stantem
598 1845 670 1901 videt
682 1844 790 1912 lesum,
804 1844 850 1916 qui
861 1844 904 1899 di·
956 1859 989 1901 eo
999 1847 1070 1917 quod
1082 1861 1132 1902 uus
1144 1847 1284 1918 plurimum
1298 1848 1381 1920 tangit
1393 1856 1472 1919 atque
1483 1846 1572 1919 angit,
1587 1846 1671 1907 videta

117 1942 173 1998 cit:
187 1939 222 1996 lit
238 1940 419 1997 riuovoornua
431 1936 559 1995 Chrhtsm
578 1935 716 1992 exundent
727 1952 828 1990 emnam
838 1976 848 2003 ,
860 1936 905 1992 red
957 1935 1047 1992 turbas
1060 1952 1120 2008 quae
1131 1937 1275 2007 corripiant
1286 1952 1372 1994 cessas
1382 1938 1537 1994 clamantes.
1549 1936 1671 1997 Omont

116 2033 171 2105 inat
188 2047 255 2088 aavao
273 2046 326 2086 noa
338 2029 452 2085 sosimas
466 2026 501 2100 (ll
514 2027 573 2084 Cor.
591 2042 624 2094 v,
645 2026 700 2098 lu).
714 2026 814 2083 Christi
833 2026 904 2083 enim
956 2029 1006 2081 hac
1026 2027 1103 2084 turha
1122 2028 1210 2084 sanam
1224 2029 1321 2095 culos,
1345 2044 1399 2085 non
1419 2046 1467 2087 tus
1486 2030 1667 2091 deterrunt:

116 2123 280 2182 divinitatem
297 2121 420 2189 videbat,
432 2127 560 2193 quautam
573 2119 600 2174 iu
615 2118 666 2175 hac
680 2118 733 2174 vita
744 2126 843 2190 potest.
857 2118 906 2174 Est
956 2119 1031 2174 mariti
1044 2126 1106 2175 sunt
1118 2121 1226 2177 nomine
1238 2120 1390 2189 christiani,
1404 2129 1434 2179 et
1445 2122 1575 2193 operibus
1586 2122 1665 2197 imp!

117 2215 242 2272 divinitas
265 2212 381 2281 Christi,
404 2221 446 2269 est
464 2210 615 2268 humanitas
636 2207 746 2266 Christi.
775 2208 904 2265 Divinitas
954 2224 1003 2266 vos
1013 2208 1191 2267 deterreaota
1203 2209 1281 2268 bouis
1291 2211 1425 2283 operibus.
1438 2210 1557 2271 clamate
1570 2211 1671 2271 interd

116 2315 186 2375 stat,
210 2305 361 2363 hnmanitas
383 2302 488 2360 transit.
510 2301 580 2373 Quid
598 2309 657 2370 est,
682 2299 810 2358 Divinitas
829 2302 904 2357 stati
955 2313 1172 2373 compescentes,
1185 2312 1357 2374 recumules,
1372 2305 1548 2373 insultantes,
1564 2306 1671 2364 malav

116 2400 175 2458 lion
187 2406 315 2463 mutatur,
330 2412 384 2454 uon
397 2395 564 2465 convellitur,
576 2408 631 2450 uon
640 2391 751 2450 recedit.
763 2391 822 2449 Non
832 2392 904 2450 euim
954 2401 1006 2450 tes.
1019 2394 1076 2451 lion
1089 2395 1160 2453 enim
1170 2396 1236 2452 soba
1247 2397 1355 2453 vocibus
1368 2398 1547 2468 eontprimuut
1562 2398 1671 2457 bonni

115 2491 156 2547 ric
164 2489 199 2547 ad
209 2504 259 2547 uos
269 2488 359 2559 venit,
372 2486 517 2544 utal’atre
525 2483 757 2542 discederetauec
766 2483 904 2540 itaaaoen·
954 2486 1055 2542 stiauos
1072 2487 1153 2555 mali,
1170 2487 1218 2544 sed
1234 2496 1263 2545 ot
1278 2489 1354 2546 malis
1365 2488 1501 2560 operibus.
1513 2488 1575 2547 Non
1586 2488 1671 2549 raltl

115 2582 172 2650 dit,
184 2590 215 2637 ut
226 2581 286 2638 loco
297 2587 458 2636 moueretur.
470 2579 614 2648 hmumpta
622 2590 703 2632 carue
713 2575 734 2642 ¹,
746 2575 833 2631 locunt
845 2590 904 2631 mu-
954 2578 1119 2636 Christianus
1130 2581 1169 2636 ire
1180 2590 1310 2652 spectare.
1325 2581 1382 2640 lloc
1395 2584 1480 2654 ipsum
1490 2581 1563 2655 quod
1577 2582 1671 2643 irenal

115 2674 200 2732 tavit:
214 2673 381 2729 Deusautem
391 2683 657 2736 aasumensearucm,
670 2667 770 2739 quirin
781 2667 903 2725 loconou
954 2671 1143 2740 cupiscentiam
1155 2686 1248 2742 mam,
1261 2689 1296 2730 ne
1315 2683 1406 2746 pergat
1422 2673 1457 2731 ad
1477 2675 1633 2744 ιΙιοιιιιιιιις
1649 2674 1671 2733 d

115 2777 172 2834 est,
195 2779 245 2821 neo
257 2772 341 2821 mutat
354 2763 453 2819 locum.
466 2761 617 2833 Tangamur
634 2768 721 2816 stante
734 2757 849 2827 Christo,
857 2773 902 2815 sa·
954 2776 1015 2835 post
1026 2764 1176 2831 Christum,
1198 2770 1295 2822 clamat
1307 2776 1338 2823 ut
1349 2776 1466 2823 satetm.
1484 2767 1536 2823 Alii
1555 2780 1671 2825 corun

115 2867 213 2916 nentur
230 2857 300 2914 oculi
314 2855 408 2912 nostri.
427 2853 480 2912 Sed
499 2868 612 2925 quorum
624 2852 714 2909 oculii
727 2851 902 2908 Clamantium
954 2855 1002 2911 sed
1015 2854 1084 2912 lorte
1102 2856 1213 2928 Pagani,
1228 2855 1298 2913 forle
1317 2856 1411 2913 iudai.
1426 2857 1481 2914 lmo
1500 2873 1566 2915 vero
1590 2866 1671 2929 tara!

116 2949 230 3016 seilicet,
244 2962 306 3003 cnm
326 2946 438 3002 transit:
457 2944 560 3012 idest,
582 2944 652 3000 beue
674 2943 839 3013 operantium
855 2957 904 3013 per
954 2956 1044 3003 esseut
1063 2948 1090 3002 in
1110 2948 1234 3015 theatris,
1256 2957 1287 3005 ut
1306 2950 1488 3007 erubescendo
1508 2949 1671 3009 diseedern

116 3056 175 3097 eam
188 3039 282 3103 iidem,
300 3053 360 3109 que
376 3036 528 3107 dispensata
545 3044 588 3093 est
600 3032 782 3106 temporaliter
793 3032 828 3089 ad
838 3047 902 3090 eru·
953 3035 1095 3092 Christiani
1108 3036 1142 3092 ad
1155 3037 1255 3095 theatra
1270 3053 1322 3094 nou
1332 3038 1499 3096 accederent.
1510 3039 1631 3097 Currunt
1642 3054 1671 3099 er

115 3127 436 3199 diendosuospartuios.
954 3128 1671 3203 illi,portantessanctumnomenadpoeuamsuaat.C

151 3219 196 3277 lb.
214 3216 320 3275 &natis
332 3225 421 3272 autem
438 3216 540 3280 oculis,
561 3215 624 3286 quaid
643 3214 785 3286 pretiosius
803 3212 902 3271 hahere
954 3234 1018 3292 ergo
1030 3235 1084 3276 non
1105 3218 1207 3288 eundo,
1221 3235 1344 3292 premens
1362 3221 1390 3277 in
1402 3221 1483 3279 eorde
1503 3233 1551 3278 tuo
1564 3230 1671 3297 tempvv

115 3309 271 3382 poterimus,
280 3307 500 3364 inueslhumen
510 3307 562 3364 hoc
569 3308 713 3379 quivident
722 3307 795 3378 quaed
804 3304 901 3364 luctum
953 3311 1210 3381 concupiscentiam
1226 3318 1254 3367 et
1272 3320 1333 3368 tene
1351 3321 1378 3368 te
1389 3313 1416 3368 in
1430 3313 1548 3369 clamore
1562 3310 1628 3370 lorti
1640 3320 1671 3371 el

115 3412 173 3471 est,
185 3400 257 3474 quod
270 3399 352 3472 lulget
364 3399 399 3457 de
411 3401 497 3467 eoelo,
510 3400 554 3456 vel
566 3399 638 3470 quod
654 3399 796 3457 exhibetur
806 3397 841 3454 de
858 3399 902 3454 lu·
953 3401 1087 3458 severanti
1098 3400 1132 3457 ad
1144 3416 1223 3458 aures
1233 3401 1392 3470 Salvatoris,
1407 3413 1438 3460 ut
1449 3412 1502 3461 stet
1514 3404 1611 3473 imus,
1625 3412 1656 3463 el

115 3493 336 3567 eerna,gaudeat.
351 3491 387 3547 Et
397 3490 531 3560 ouomodo
543 3491 635 3548 miseri
647 3490 781 3556 videntur,
793 3488 839 3562 qul
851 3486 904 3544 hoe
955 3503 989 3550 ve.
1004 3490 1075 3548 inter
1086 3493 1157 3564 ipsas
1170 3493 1260 3550 turbas
1276 3494 1379 3563 clama,
1393 3510 1429 3553 ns
1441 3495 1571 3568 desperes
1589 3496 1625 3553 de
1636 3498 1671 3555 aa

115 3586 207 3646 videre
219 3601 272 3644 non
288 3585 417 3658 possuntt
428 3584 486 3657 ligo
499 3593 589 3641 autem
601 3598 684 3656 quare
697 3583 808 3654 mmor,
820 3595 903 3653 quaro
954 3584 1069 3642 Domini.
1083 3582 1141 3640 lion
1153 3584 1225 3641 euim
1237 3594 1266 3643 et
1276 3585 1314 3641 illi
1327 3585 1392 3643 casei
1405 3602 1439 3644 ex
1452 3587 1499 3643 illa
1514 3595 1593 3657 parte
1604 3582 1671 3645 eia!

115 3680 166 3738 ista
179 3678 254 3748 dieo,
273 3677 325 3735 nisi
336 3686 366 3734 ιιι
379 3676 471 3735 borter
487 3690 582 3734 omues
597 3690 645 3732 vos
662 3673 697 3732 ad
718 3673 901 3740 ebhardum,
954 3684 1033 3744 runt,
1046 3675 1092 3732 uhi
1105 3676 1182 3733 tumba
1196 3691 1250 3733 nou
1262 3686 1337 3746 erat,
1352 3686 1427 3736 uter
1440 3678 1671 3751 caperemur

115 3765 903 3831 cunuamtrteausthueencommsnoosanetitauvsatra
955 3768 1000 3824 ubi
1022 3783 1075 3824 non
1098 3779 1171 3825 esset
1191 3767 1409 3841 impedimentum
1434 3770 1668 3842 prohibentia.

115 3859 623 3935 amandamquamlortenouvidelit.
632 3856 904 3925 Credite,duatuon·
955 3859 1125 3932 ipsasturhas
1138 3860 1336 3917 clamavsrtruta
1350 3869 1380 3919 et
1392 3862 1671 3921 ummDominam

115 3956 179 4012 dum
192 3954 305 4021 videtis3
320 3962 349 4010 et
360 3952 488 4018 clamate,
503 3948 665 4007 strideatis.
678 3948 782 4018 Quanta
796 3953 904 4020 pumtur
954 3949 999 4008 Sic
1007 3959 1036 4007 et
1046 3967 1096 4007 vos
1108 3952 1187 4008 etiam
1200 3951 1270 4007 inter
1282 3962 1435 4024 peccatores
1447 3962 1475 4009 et
1487 3953 1669 4025 luxuriantes,

116 4045 254 4102 inlclicitas
268 4044 413 4111 bominum
426 4043 472 4115 qui
483 4042 570 4099 lucem
583 4043 660 4098 lstant
668 4039 834 4112 corporalem
845 4052 900 4096 nou
954 4052 1086 4099 amatores
1099 4041 1267 4098 amcnhrium
1281 4042 1445 4111 nauitautm,
1457 4043 1496 4100 ibi
1507 4044 1642 4114 clamate,
1656 4060 1671 4103 v

115 4135 226 4193 videnti
240 4135 397 4191 llxeecatus
410 4143 453 4191 est
464 4133 576 4205 dignis:
592 4132 719 4189 ωιιιίιιιιο
731 4131 839 4199 dieitur,
849 4129 904 4186 lra-
955 4141 1061 4191 notros
1072 4133 1208 4189 Dominus.
1218 4133 1306 4189 Nolite
1314 4150 1364 4206 per
1375 4135 1454 4191 aliam
1467 4144 1571 4207 partem
1583 4137 1671 4197 ciana

116 4236 173 4284 tum
186 4227 271 4283 mum
282 4225 389 4294 habuit,
404 4223 504 4296 aliquid
522 4223 585 4278 mali
603 4222 746 4279 commisit.
766 4221 824 4278 tloe
835 4235 903 4277 uxor
954 4223 1110 4290 Dominum,
1125 4223 1207 4278 nolite
1219 4223 1252 4277 ad
1265 4222 1406 4280 hereticos
1417 4224 1472 4291 ire,
1484 4234 1513 4281 et
1526 4224 1564 4282 ihi
1577 4225 1671 4285 clama

116 4317 206 4375 Tobiae
217 4315 321 4373 dicebat
332 4314 399 4370 viro.
411 4312 550 4370 Clamabat
561 4313 605 4368 ille
619 4322 727 4383 propter
739 4309 857 4377 Ιιωιιιιιι,
868 4324 903 4365 ue
955 4317 1105 4374 Dominum.
1118 4315 1268 4383 Attendite,
1282 4314 1396 4384 iratres,
1408 4316 1469 4389 quia
1483 4317 1511 4374 io
1528 4318 1574 4374 iha
1588 4320 1671 4379 turln

115 4410 150 4467 de
162 4409 232 4467 lurto
251 4418 339 4472 esset:
352 4407 460 4464 nolebat
473 4421 567 4462 sonum
588 4405 650 4461 lurti
670 4404 763 4461 audire
777 4405 804 4460 in
821 4404 903 4460 domo
955 4412 1070 4467 clamare
1084 4408 1255 4479 prohibebat,
1278 4407 1313 4464 ibi
1330 4409 1416 4464 sanati
1434 4417 1497 4466 sunt
1516 4412 1564 4482 qui
1582 4411 1671 4469 clau

116 4517 185 4558 sua:
205 4500 250 4557 illa
266 4498 411 4556 delendeus
430 4499 525 4553 lactum
539 4513 631 4561 suunt,
646 4496 789 4567 opprobrio
807 4510 902 4566 percu-
988 4500 1101 4559 CAPDT
1119 4498 1200 4556 xvn.
1213 4529 1250 4541 -
1267 4500 1311 4556 ιιι.
1333 4497 1524 4556 Damnata
1543 4502 1671 4559 ceam

117 4592 199 4650 tiebat
216 4589 358 4648 maritum:
376 4598 476 4646 etcum
490 4588 664 4654 illedioeret,
679 4585 809 4651 Reddite,
826 4585 849 4640 si
869 4585 903 4642 de
954 4597 1096 4650 eamear.
1129 4590 1194 4647 Nam
1212 4601 1240 4647 et
1259 4590 1310 4647 boc
1330 4592 1449 4648 armenas
1475 4592 1612 4651 &neura
1639 4608 1671 4655 v.

116 4685 186 4739 lurto
194 4693 253 4750 est;
266 4682 311 4738 illa
320 4679 499 4751 respondebat
509 4678 649 4744 insultans,
663 4675 714 4733 Ubi
723 4685 785 4732 sunt
793 4675 903 4746 justitie
954 4686 1018 4758 quad
1030 4686 1064 4740 sta
1079 4698 1252 4756 perseverare
1269 4683 1295 4738 in
1312 4684 1462 4740 manando,
1477 4686 1569 4741 mmm
1582 4686 1658 4758 quoa

117 4784 169 4832 tuae
182 4774 256 4845 (Tui.
271 4789 306 4840 u,
318 4773 351 4829 al
362 4811 371 4840 ,
383 4769 452 4844 hili
464 4769 548 4838 Quam
559 4783 628 4825 m
639 4776 713 4833 eni·
728 4782 789 4837 (1¹1³
803 4765 903 4821 filiium
955 4793 1059 4833 mecum
1079 4775 1184 4846 experti
1203 4782 1266 4830 sunt
1286 4775 1313 4829 in
1333 4776 1441 4832 nomine
1462 4775 1561 4833 Christi
1576 4797 1584 4834 ε
1599 4793 1657 4837 non

115 4866 290 4924 defendebat:
303 4872 331 4921 et
340 4879 419 4935 quana
433 4863 518 4918 lucem
528 4859 650 4924 videbat,
662 4859 706 4929 qui
720 4857 819 4913 lurtum
827 4855 902 4912 reddi
955 4876 1042 4924 gessar
1055 4865 1173 4922 Egelesta
1182 4865 1250 4921 ηιμ
1262 4879 1367 4936 prere,
1380 4863 1445 4921 cum
1455 4867 1569 4939 quigqug
1577 4866 1671 4927 cmg

117 4957 278 5030 imperabatl
293 4955 341 5011 llla
352 4961 410 5010 erat
421 4951 486 5008 loris
498 4952 526 5007 in
537 4951 598 5006 luce
608 4949 691 5005 solis:
707 4948 753 5004 ille
764 4955 822 5003 erat
834 4947 904 5001 intus
955 4959 1067 5030 coepefir
1079 4958 1147 5014 bene
1165 4958 1268 5018 uivere,
1289 4956 1391 5013 lervere
1408 4957 1671 5032 bunisoperibas,1

116 5053 145 5108 iu
157 5052 215 5108 luce
224 5048 344 5120 justitiae.
360 5045 425 5114 Quis
437 5059 529 5101 eonem
544 5051 602 5100 erat
613 5042 639 5097 in
652 5041 712 5097 luce
724 5038 855 5095 meliorat
956 5050 1266 5120 dumqueoenggmnem
1279 5046 1307 5103 in
1318 5047 1374 5118 5932
1384 5049 1500 5105 „opime
1509 5063 1624 5120 omn,
1637 5065 1671 5109 η

151 5139 265 5197 CAPUT
276 5138 346 5195 llil·
354 5169 389 5178 -
397 5137 441 5193 lh·
456 5135 513 5190 ΙΜ
524 5135 625 5191 lesmor
636 5149 693 5187 Μ
704 5130 793 5187 ”idm
801 5145 904 5200 ‘W'
957 5143 1054 5215 patitur
1066 5140 1272 5211 reprehensores
1282 5149 1310 5196 et
1322 5141 1531 5199 contradictores
1543 5141 1671 5216 irigivlcv¹

118 5241 197 5288 ιιιιιιι.
213 5230 254 5286 hd
273 5230 341 5286 hane
355 5230 458 5292 lucem,
477 5226 592 5292 trahes,
609 5223 750 5281 ambildiffi
766 5221 904 5279 limbi
956 5233 1067 5290 arianos.
1086 5232 1113 5289 Si
1131 5244 1218 5290 autem
1232 5237 1455 5305 perseveraverit,
1469 5245 1498 5293 et
1514 5251 1564 5294 eos
1581 5253 1671 5311 aupevv

119 5321 291 5378 Diloehontm
306 5330 440 5385 vesmmt
456 5329 485 5376 hl
496 5317 765 5388 clametiaoperihus,
776 5330 837 5373 Μ
851 5315 903 5372 ὓθ-
956 5323 1135 5396 perdurando,
1147 5335 1176 5380 et
1188 5339 1241 5380 non
1251 5324 1403 5381 deiecerita
1418 5327 1496 5384 bouis
1507 5330 1653 5400 operibns:
1667 5330 1671 5387 Ι

119 5413 206 5468 minus
217 5414 328 5469 trattsit:
343 5421 420 5469 sonet
430 5426 482 5467 vox
491 5411 570 5478 lltlei3
586 5419 614 5465 ut
627 5419 701 5465 stans
713 5406 801 5474 lesus,
814 5404 842 5462 ld
852 5417 903 5471 est,
957 5417 1007 5488 ipsi
1024 5416 1079 5487 jam
1096 5418 1283 5487 obsequentur,
1297 5418 1419 5489 quiante
1433 5419 1622 5491 prohibebant.
1635 5422 1671 5481 ᾖ

119 5504 342 5561 iucommutabilis
362 5519 472 5561 manens
490 5503 538 5559 Dei
559 5501 709 5574 Sapientia,
733 5507 762 5556 et
780 5495 904 5571 minist
957 5506 1028 5561 euim
1039 5506 1224 5577 corripiuntet
1236 5506 1392 5577 perturbant
1404 5518 1433 5566 et
1444 5520 1545 5580 vetant,
1559 5512 1670 5586 quamdi

151 5616 584 5673 ¹rancoresvrss..assmutocuro.
960 5592 1337 5669 ‘isthmum-illatura&
1353 5602 1521 5663 autemvicti
1540 5604 1671 5679 lueintg
