3728 6276
120 198 174 254 lid
726 204 754 257 S.
775 199 956 258 aucusitttt
970 199 1119 260 tstrtscott

119 317 207 390 Neque
229 321 292 374 dctis
315 320 397 374 lacurn
417 318 516 372 diabolo
538 316 644 389 (Epirus.
660 334 694 383 tv,
710 317 767 387 27).
782 317 821 371 Tu
840 315 907 371 mala

116 414 252 468 uoluntate
266 415 351 467 locum
367 411 462 467 dedisti
477 429 484 463 :
498 412 617 477 intravit,
631 409 759 480 possedit,
774 409 864 464 utitur.
879 408 906 463 si

116 502 203 557 locum
219 517 272 557 non
284 502 370 564 dares,
383 517 435 557 non
452 501 607 570 possideret.

153 594 264 651 CAPUT
292 593 335 649 lll.
350 623 385 635 —-
404 592 430 648 5.
454 591 554 646 Inimici
576 592 656 646 nostri
673 590 818 646 inrisililcs.
838 590 908 659 Ergo

15 726 22 746 .
116 703 165 742 nos
177 687 324 742 admonens
343 686 391 752 ait,
415 683 476 738 lion
490 694 526 739 est
543 684 614 739 rrobis
632 682 776 737 colluctatio
790 683 907 737 munus

116 794 218 832 cemma
230 787 253 831 et
262 777 420 846 sanquinem,
436 775 480 831 sed
490 775 610 830 aduersus
621 775 746 846 principes
759 784 782 829 et
796 782 906 844 potestu-

114 880 162 924 tcs.
180 869 267 924 Possit
284 867 396 939 quisque
414 877 507 937 putare
522 867 649 922 adversus
669 881 744 939 reges
757 875 844 933 tenue,
858 865 906 921 ad·

114 974 210 1016 versus
231 968 376 1028 attestatas
396 958 498 1015 saculi.
520 958 626 1027 Quare?
649 958 699 1028 ipsi
725 972 778 1012 non
799 971 862 1012 caro
879 964 907 1011 ει

115 1050 239 1122 sangmsl
251 1050 341 1107 Semel
360 1049 459 1106 dictum
479 1060 531 1115 est,
547 1067 597 1106 nan
618 1051 740 1105 adversm
761 1064 862 1104 cunum
884 1056 907 1103 et

114 1142 273 1213 sarrpuinem.
296 1145 425 1197 Avertere
438 1142 472 1196 ab
492 1141 565 1197 omni
587 1140 702 1197 bomine.
721 1140 772 1208 Qui
786 1154 850 1212 ergo
864 1155 907 1195 re-

113 1242 186 1287 stant
206 1232 326 1289 inimici?
346 1233 472 1288 Aduersus
493 1232 618 1304 principes
639 1241 663 1286 et
684 1239 816 1303 potestates
828 1231 905 1301 spiri-

114 1323 190 1378 tualis
208 1323 335 1393 nequitie,
350 1332 457 1377 rectores
471 1323 568 1377 mnndi.
589 1322 670 1390 Quasi
688 1321 748 1392 plus
762 1319 836 1377 dedit
847 1320 905 1374 dia-

112 1415 176 1471 bolo
187 1424 215 1471 et
225 1416 326 1486 angelis
336 1414 405 1485 ejus.
420 1415 483 1470 l‘las
491 1413 574 1480 dedit,
585 1423 703 1472 rectores
714 1413 805 1468 rutundi
814 1412 906 1484 appel·

115 1506 188 1562 lavit.
200 1506 253 1563 Sed
264 1522 298 1563 ne
310 1507 379 1562 male
390 1506 531 1577 intelligas,
543 1505 652 1576 exponit
660 1505 723 1576 qtrid
736 1504 770 1560 sit
780 1503 904 1569 mundus,

114 1598 190 1667 errjrrs
204 1605 266 1653 sunt
284 1597 321 1652 illi
341 1607 469 1653 rectores.
490 1595 609 1652 dectores
630 1596 728 1661 nundi,
749 1595 905 1650 terebrarum

114 1689 204 1741 barum
226 1686 334 1760 (Epicu.
350 1703 388 1755 vr,
405 1686 460 1760 ll).
476 1687 544 1757 Quid
567 1697 617 1754 est,
638 1689 726 1742 mundi
746 1688 905 1743 tenebrarum

113 1780 222 1834 lrnrmnl
234 1779 337 1847 Quibus
349 1789 391 1837 est
403 1790 502 1848 rector,
516 1780 687 1837 dilectoribus
701 1782 757 1837 suis
770 1789 798 1838 ει
812 1782 906 1839 inlide-

112 1869 194 1934 libns,
223 1871 316 1940 plenus
338 1879 380 1926 est
402 1870 527 1926 mundns.
550 1871 604 1926 llas
626 1872 769 1943 Apostolus
790 1874 906 1943 appellat

112 1960 361 2017 utinamutinam
383 1972 512 2028 rectores,
535 1961 657 2018 diabolus
676 1971 704 2018 et
726 1963 812 2034 angeli
836 1964 903 2034 ejus.

112 2051 159 2106 llre
179 2052 295 2108 tenebrae
312 2067 364 2108 non
377 2054 511 2111 naturales
523 2062 595 2122 sunt,
610 2070 662 2111 non
677 2053 905 2112 incommutabiles

112 2154 174 2201 snm
188 2164 195 2200 :
209 2155 354 2211 mutantur,
376 2154 403 2201 ει
422 2145 467 2201 lux
480 2144 649 2213 ellicinmnn
665 2145 786 2213 credunt,
807 2159 833 2203 et
846 2162 905 2203 cre·

111 2236 201 2291 dendo
214 2237 407 2292 illuminantur.
426 2235 503 2304 Quod
524 2251 585 2292 cum
598 2236 626 2291 iu
643 2237 682 2292 eis
702 2236 799 2294 lactum
815 2237 903 2303 luerit,

111 2327 342 2393 ennarrationes
361 2330 427 2384 enirn
445 2330 582 2401 aliquando
604 2330 725 2397 tenebra,
744 2346 811 2384 nunc
823 2340 905 2385 autent

112 2422 157 2477 lue
169 2422 195 2476 in
205 2421 315 2477 bairaina
329 2419 384 2494 (ld.
399 2439 425 2489 r,
437 2421 475 2496 8).
486 2422 553 2478 Nam
566 2422 671 2493 quanda
684 2422 800 2478 tenebrae
815 2423 835 2489 ¹,
852 2438 904 2477 non

113 2514 139 2566 in
163 2512 299 2568 Domino:
321 2513 417 2570 iterum
439 2513 545 2584 quando
567 2512 623 2575 lus,
637 2529 690 2570 non
711 2514 738 2569 in
758 2521 794 2578 te,
809 2513 856 2569 sed
879 2515 905 2568 in

116 2605 239 2660 Domino.
254 2605 323 2674 Quid
338 2607 408 2664 enim
423 2606 506 2662 babes
519 2606 590 2676 qrrod
602 2621 654 2662 non
668 2607 794 2678 accepisti
809 2605 829 2678 (l
845 2606 903 2662 Cor.

115 2712 151 2761 tv,
165 2695 212 2768 l)‘l
226 2695 292 2764 Quia
304 2713 367 2768 ergo
380 2707 439 2753 sunt
455 2696 600 2753 invisibiles
613 2698 723 2764 inimici,
739 2698 906 2755 invisibiliter

112 2796 176 2842 sunt
187 2788 367 2858 expugnandi.
383 2787 486 2857 Quippe
500 2789 603 2844 trustem
619 2787 750 2844 visibilem
764 2788 849 2845 vineis
863 2789 904 2845 le-

114 2874 208 2930 niendo
222 2894 228 2929 :
246 2876 405 2932 invisibilem
419 2878 504 2932 vincis
517 2877 661 2934 credendo.
679 2878 794 2935 visibilis
807 2890 849 2934 est
861 2879 905 2933 lto·

112 2968 160 3020 stis
174 2965 269 3033 lurm03
285 2967 389 3023 visibile
403 2978 443 3024 est
457 2979 484 3025 et
498 2969 578 3025 ferire
592 2987 599 3023 τ
614 2970 753 3026 invisibilis
765 2981 807 3026 est
821 2970 905 3027 hostis

112 3059 249 3125 diabotus,
269 3061 399 3116 invisibile
414 3070 456 3116 est
474 3071 501 3116 et
523 3062 643 3118 eredere.
665 3062 714 3118 Est
731 3077 795 3134 ergo
818 3077 905 3134 pugna

113 3150 255 3206 irrrisibilis
266 3151 394 3207 adversus
409 3153 553 3210 invisibiles
567 3154 697 3209 inimicos.

147 3230 260 3299 celus
280 3242 323 3301 ll.
338 3274 375 3284 -
393 3245 419 3299 a.
441 3243 515 3300 Unde
536 3243 684 3314 presidium
706 3255 795 3300 contre
821 3245 904 3299 inimi-

112 3354 166 3391 cos.
195 3337 237 3392 ab
265 3338 306 3392 bis
326 3336 440 3394 inimicis
462 3337 594 3408 quomodo
608 3353 638 3392 se
654 3347 738 3393 tutum
759 3337 823 3394 dicit
844 3339 904 3408 qui-

112 3427 193 3482 dam?
207 3428 263 3483 lloc
274 3429 344 3482 enirn
358 3443 490 3496 coeperarn
502 3428 606 3494 dicere,
620 3437 648 3483 ει
661 3443 770 3484 neeesse
782 3428 861 3482 lrabni
872 3429 905 3484 de

113 3522 171 3577 istis
185 3521 299 3578 inimicis
310 3521 442 3591 aliquanta
454 3536 515 3576 num
526 3535 600 3575 more
620 3529 742 3576 traeurre.
760 3520 818 3577 lam
842 3536 905 3592 ergo

113 3612 225 3682 cognitis
239 3611 368 3676 inimicis,
392 3611 529 3667 vidermus
546 3612 667 3667 tutelam.
690 3610 810 3667 terream
832 3612 904 3666 iutro-

113 3706 174 3760 cnlro
192 3705 344 3771 dominum,
367 3715 390 3758 et
404 3705 436 3759 alr
449 3705 558 3759 irtimicis
572 3706 633 3759 arcis
646 3705 731 3759 salvus
745 3721 789 3759 ero
811 3703 904 3777 (Psoi.

113 3815 180 3864 xvir,
194 3797 232 3870 l).
249 3798 336 3853 llabcs
350 3797 412 3866 quid
426 3811 499 3868 agas.
515 3796 638 3851 Laudans
652 3797 744 3851 invoca
765 3796 832 3852 :sed
852 3798 904 3851 ltu·

115 3890 215 3944 tatinum
232 3888 342 3943 laudans
353 3890 457 3942 invoca.
468 3887 496 3940 Si
509 3887 579 3943 etnim
593 3897 617 3941 ιε
631 3887 795 3951 laudaveris,
809 3887 843 3941 ab
855 3886 905 3941 ini-

114 3981 190 4036 micis
203 3980 254 4034 tuis
266 3981 355 4035 salvus
369 3995 420 4033 nan
432 3979 494 4034 eris.
509 3978 632 4033 Laudans
645 3980 737 4034 invoca
752 3977 903 4043 Dominum,

114 4079 141 4126 et
155 4070 189 4125 ab
201 4068 315 4124 inimicis
327 4068 379 4122 tuis
390 4069 479 4122 salvus
493 4068 558 4122 eris.
572 4068 638 4134 Quia
651 4067 714 4136 qnid
727 4068 764 4122 ait
783 4067 840 4136 ipse
855 4068 905 4121 llo-

115 4161 220 4218 tninnsl
234 4161 397 4228 Sacrificium
418 4159 500 4213 laudis
519 4158 670 4231 pluriftcabit
689 4174 746 4223 rrte;
766 4169 790 4212 et
808 4157 842 4212 ibi
865 4159 905 4212 niu

115 4266 162 4321 cst,
176 4255 219 4310 ubi
231 4253 362 4309 ostendant
374 4253 533 4307 illisalutare
547 4269 629 4306 meunt
639 4251 725 4325 (Psal.
747 4268 824 4318 xant,
844 4253 903 4318 25⁸).

115 4346 166 4402 Ubi
180 4345 241 4401 rial
253 4347 284 4401 ln
294 4345 426 4401 saerillcio
439 4345 534 4399 landis.
548 4343 607 4399 Noli
626 4343 720 4414 pedem
741 4353 815 4399 extra
836 4344 906 4398 bunc

115 4439 184 4492 viam
200 4437 359 4492 mitterem
384 4437 423 4490 ria
439 4444 520 4490 esto:
544 4451 559 4490 a
579 4436 619 4489 via
645 4436 698 4490 ntdi
723 4436 864 4501 recederc;
889 4452 905 4491 a

114 4529 191 4584 latrde
207 4529 311 4584 llorrrini
325 4545 374 4584 nee
387 4544 520 4600 nngrrenr,
542 4529 638 4583 nedum
654 4530 757 4599 pedem.
781 4530 809 4586 Si
833 4531 903 4585 enim

115 4621 230 4676 volueris
242 4621 276 4675 ab
289 4620 338 4674 lma
351 4620 516 4685 viatleviare,
530 4629 556 4675 et
567 4635 615 4689 pro
627 4619 740 4675 barutino
750 4630 776 4675 tc
786 4620 903 4684 laudare,

115 4729 168 4769 non
180 4712 233 4768 eris
243 4714 332 4767 salvus
344 4714 379 4767 ab
392 4713 443 4767 illis
456 4713 569 4768 irtitrrieis
584 4730 591 4767 r
604 4713 665 4783 quia
681 4713 714 4767 de
729 4713 792 4782 ipsis
805 4714 904 4768 dictum

113 4815 166 4870 est,
187 4803 269 4858 lusto
289 4804 405 4857 semitam
424 4802 546 4858 scandula
572 4811 710 4873 posuerunt
734 4804 796 4857 milri
818 4803 903 4875 (Psoi.

114 4911 225 4958 tutrix,
237 4895 275 4966 d).
296 4894 427 4965 Quidquid
443 4909 508 4965 ergo
522 4896 657 4965 putareris
675 4895 736 4948 boni
755 4905 780 4949 te
807 4894 905 4950 babere

115 4988 163 5040 alre
177 4999 213 5050 te,
228 4985 339 5041 deviasti
353 5000 367 5037 a
383 4984 460 5038 laude
472 4985 529 5039 [lei.
548 4983 616 5050 Quid
628 4984 682 5054 jaan
697 4984 810 5048 raineris,
835 4986 857 5038 si
881 4994 905 5039 te

116 5076 221 5132 seducit
234 5076 365 5141 inimicus,
382 5075 487 5146 quartdo
498 5075 534 5128 tni
547 5075 630 5145 ipsius
644 5074 769 5130 setlnctor
780 5076 828 5130 us?
839 5076 906 5129 audi

116 5170 273 5235 apostatum
287 5168 362 5233 :Qui
374 5169 440 5221 enim
457 5177 527 5239 putot
542 5185 569 5222 se
581 5167 678 5233 aliquid
688 5185 757 5233 esse,
771 5186 830 5223 curu
843 5169 906 5223 nilril

116 5259 159 5325 sit,
172 5276 199 5313 se
208 5260 289 5330 ipsum
299 5260 395 5315 seducit
407 5258 503 5327 (Galat.
521 5276 557 5326 vt,
573 5260 611 5332 ὅ).

154 5350 180 5402 7.
196 5347 284 5403 Gratia
306 5351 332 5405 in
354 5350 454 5406 Christo
467 5353 576 5406 maiore
589 5355 684 5419 elucet,
712 5364 736 5408 ct
753 5354 780 5407 iu
799 5354 905 5408 latrone.

118 5439 260 5496 Doruiunur
277 5455 341 5511 ergo
361 5441 470 5499 attende
486 5441 655 5498 eorrdtentem
673 5460 680 5497 τ
700 5445 827 5512 Confiteor
853 5446 906 5512 tili,

120 5635 227 5705 aa,

963 311 1049 382 Pater,
1074 316 1179 372 Domine
1189 322 1243 376 coell
1258 331 1280 376 et
1294 331 1375 380 terrea
1396 325 1524 397 Confiteor
1540 329 1601 400 tibi,
1618 332 1623 388 Ι

962 404 1052 460 butrdo
1063 415 1103 474 te,
1118 421 1172 463 nou
1184 424 1281 466 accuso
1299 428 1352 468 me.
1371 418 1504 480 Quantum
1524 430 1615 477 autem

960 497 993 550 ad
1007 497 1088 566 ipsius
1101 499 1217 557 bominis
1229 506 1436 573 susceptionem,
1451 517 1505 564 tota
1519 513 1622 581 prada,

961 587 998 640 ris
1009 588 1103 656 gartia,
1116 589 1231 660 perlecta
1246 595 1342 663 gratia.
1353 597 1421 665 Quid
1435 602 1533 656 meruit
1545 601 1623 660 bomo

961 677 1082 734 cbristus
1102 690 1159 748 est,
1173 685 1196 738 si
1210 685 1287 750 tollas
1301 688 1430 756 gratiam,
1451 700 1479 746 ει
1502 702 1601 749 tanum

962 785 1012 841 qua
1026 787 1107 828 tinum
1121 775 1260 845 oportebat
1273 793 1334 834 esse
1353 780 1487 839 Christum
1499 827 1507 853 ,
1528 796 1557 841 et
1579 787 1621 857 ips

961 878 1039 933 quern
1054 865 1196 921 novimus?
1209 867 1286 925 Tolle
1299 872 1409 941 gratiam
1423 873 1519 943 istam,
1537 879 1600 948 quid
1615 879 1623 934 l

960 955 1010 1011 nisi
1025 955 1123 1012 bornol
1136 957 1198 1029 quid
1212 960 1262 1015 nisi
1272 963 1342 1032 quod
1354 965 1400 1019 tu?
1410 965 1531 1038 Suscepit
1541 971 1623 1025 anima

959 1049 1030 1117 oepit
1042 1063 1149 1120 eorpus,
1160 1054 1276 1124 suscepit
1286 1055 1391 1124 plenum
1402 1058 1535 1115 bominem
1548 1079 1555 1116 :
1569 1077 1623 1133 eost

960 1154 1039 1194 unam
1062 1140 1126 1197 lacit
1147 1142 1274 1201 [lominus
1295 1163 1356 1202 cnm
1378 1164 1456 1206 serre
1475 1167 1623 1222 maenam.

959 1221 1009 1277 leta
1022 1225 1126 1294 gratia?
1138 1225 1260 1282 Christus
1273 1229 1299 1283 ia
1314 1231 1393 1298 ctelo,
1405 1231 1528 1290 cbristus
1550 1237 1577 1291 in
1592 1247 1623 1294 tet

959 1312 1014 1368 mul
1028 1313 1148 1372 Clrristns
1159 1325 1187 1372 et
1201 1316 1228 1373 in
1237 1320 1306 1375 coelo
1319 1332 1346 1376 et
1359 1323 1385 1378 in
1399 1334 1470 1380 terra
1485 1345 1492 1381 :
1507 1327 1621 1384 necdun

959 1403 1086 1461 sedidem
1100 1406 1222 1464 Christus
1234 1419 1260 1465 et
1283 1412 1309 1464 in
1333 1414 1402 1469 coelo
1425 1424 1452 1471 ει
1471 1417 1497 1471 in
1521 1428 1603 1474 terra.

958 1494 1027 1564 apud
1037 1495 1154 1565 Patrem,
1169 1498 1290 1556 Christus
1304 1503 1330 1558 in
1343 1513 1419 1561 utero
1431 1507 1540 1578 uirginis
1559 1528 1567 1564 r
1581 1510 1622 1567 cb

958 1588 1262 1663 circumdaremur
1277 1595 1377 1652 inferos
1392 1601 1551 1657 subveniens
1571 1604 1623 1674 qrril

958 1682 1154 1753 esautunipsa
1168 1685 1212 1740 die
1233 1686 1353 1743 Christus
1372 1691 1398 1745 in
1415 1693 1538 1761 paradiso
1563 1710 1623 1752 enm

958 1773 1114 1831 corrlltente.
1128 1774 1162 1831 lit
1174 1776 1211 1832 ibi
1224 1776 1365 1852 latroquid
1381 1784 1498 1851 meruit,
1517 1786 1567 1841 nisi
1591 1803 1623 1858 qr

958 1862 1027 1918 viam
1039 1865 1132 1932 tenuit,
1143 1866 1188 1924 ubi
1200 1871 1316 1926 ostendit
1330 1873 1445 1936 salutare
1466 1877 1563 1930 suurn?
1576 1877 1599 1932 Α

958 1969 1005 2025 prs
1019 1971 1072 2011 non
1084 1967 1171 2014 exeat.
1185 1957 1213 2014 ln
1229 1976 1263 2018 co
1275 1962 1345 2017 enim
1359 1964 1429 2034 qnod
1447 1980 1476 2021 se
1490 1967 1623 2023 accusavit

957 2045 1083 2117 laudavit,
1098 2059 1125 2106 et
1137 2051 1217 2107 vitam
1236 2069 1310 2109 snam
1332 2055 1437 2112 beatam
1460 2057 1553 2116 terrm.
1576 2061 1623 2116 Pru

957 2140 1063 2210 quidem
1078 2156 1093 2196 a
1109 2142 1230 2209 Domino,
1245 2156 1272 2201 et
1286 2148 1322 2200 uit
1336 2146 1384 2213 illi,
1402 2147 1527 2216 Domine,
1547 2167 1623 2207 marte

956 2247 1015 2285 cnm
1032 2234 1166 2289 umericia
1186 2252 1291 2307 repnurn
1303 2247 1384 2292 luunt.
1410 2240 1601 2298 considerabat
1618 2262 1623 2298 t

957 2321 1048 2379 cinara
1061 2340 1117 2392 sua,
1135 2335 1162 2381 et
1174 2342 1222 2396 pro
1236 2343 1331 2400 magno
1346 2331 1470 2394 babebat,
1486 2333 1509 2387 si
1530 2334 1555 2389 ei
1575 2333 1617 2390 vel

958 2425 1121 2482 parceretur.
1134 2416 1262 2472 Dominus
1276 2428 1365 2475 arrum
1378 2422 1513 2488 contiuno,
1529 2438 1590 2479 cnm
1611 2425 1623 2480 ii

957 2512 1009 2571 ret,
1023 2504 1150 2568 dumento
1162 2509 1211 2563 mni
1219 2527 1229 2574 ,·
1243 2510 1420 2581 sedquantlo?
1433 2511 1497 2568 Cum
1506 2515 1623 2571 nnana

957 2607 1029 2652 tuum
1043 2613 1052 2652 .·
1065 2596 1155 2664 Antea,
1171 2601 1271 2670 inquit,
1286 2601 1342 2656 dico
1363 2604 1418 2669 tili,
1434 2604 1509 2660 lrodie
1529 2622 1623 2661 macsnt

957 2688 1076 2758 paradiso
1092 2689 1176 2761 (buc.
1188 2707 1269 2759 xxtrt,
1293 2693 1348 2760 lb,
1368 2684 1424 2766 ts).
1450 2696 1623 2755 Misericordia

957 2780 1027 2851 qnod
1043 2782 1149 2838 miseria
1161 2783 1275 2840 distulit.

992 2872 1106 2929 CAPUT
1120 2873 1152 2928 V.
1164 2874 1233 2930 -8.
1253 2874 1331 2931 Fides
1343 2876 1465 2951 denepata
1477 2879 1602 2951 superbis.
1615 2881 1623 2936 l

956 2973 980 3016 et
1002 2965 1144 3033 prudentes.
1168 2965 1282 3022 Paruuli.
1309 2967 1409 3024 Stultus
1437 2972 1581 3026 tenebrosus
1601 2973 1623 3026 ia

957 3057 1026 3111 Audi
1036 3071 1100 3128 erpo
1113 3058 1251 3113 Dominum
1266 3060 1437 3116 confitentem
1454 3062 1602 3133 :Confiteor
1615 3073 1623 3118 t

957 3158 1006 3216 rer,
1020 3147 1128 3204 Borrine
1142 3148 1198 3204 celi
1212 3160 1236 3205 et
1250 3160 1332 3205 terra.
1344 3152 1414 3218 Quid
1429 3154 1581 3209 tronliteorl
1596 3155 1622 3210 in

957 3240 1057 3296 laudo?
1070 3241 1133 3299 llaec
1145 3245 1215 3298 enirn
1229 3244 1372 3304 corrieseio.
1387 3255 1417 3300 ut
1437 3246 1502 3311 dixi,
1526 3247 1623 3304 landen

960 3331 1026 3399 Quia
1038 3333 1190 3388 abscondisti
1201 3336 1254 3389 luero
1275 3352 1292 3387 a
1304 3336 1458 3406 sapientibus
1479 3348 1502 3390 et
1524 3336 1622 3407 praedest

957 3427 1072 3480 reuelasti
1089 3426 1251 3497 napocaulis.
1266 3426 1334 3496 Quid
1355 3439 1396 3483 est
1411 3429 1471 3493 lruc,
1492 3429 1611 3487 lratresl

958 3519 1039 3574 traria
1050 3533 1130 3574 sensu
1146 3519 1293 3590 intelligite.
1309 3522 1468 3576 discendisti
1484 3525 1549 3588 trec,
1564 3523 1623 3595 inqu

958 3611 1081 3678 pientibus
1093 3621 1115 3665 et
1126 3611 1289 3681 prudentibus
1305 3623 1355 3667 :et
1376 3627 1429 3667 nort
1448 3613 1533 3679 dixit,
1559 3614 1623 3670 Revt

956 3705 1045 3758 stultis
1059 3712 1086 3760 ει
1103 3706 1329 3775 imprudentibus:
1343 3706 1389 3761 scd
1403 3707 1457 3773 ait,
1471 3706 1623 3762 Abscondim

957 3798 1140 3866 asapientibus
1155 3809 1178 3851 et
1197 3797 1379 3867 prudentibus,
1402 3808 1425 3853 et
1443 3798 1558 3852 revelasti
1574 3814 1605 3852 ea

956 3888 1128 3959 Sapientibus
1150 3898 1177 3944 et
1195 3890 1368 3960 prudentibus
1390 3890 1548 3957 irridendis,
1565 3907 1623 3945 arro

958 3981 1023 4037 laiso
1035 3982 1189 4052 gmndibns,
1202 3997 1265 4038 vere
1276 3991 1365 4037 autem
1380 3983 1551 4048 tumentibus,
1561 3997 1623 4052 «appr

958 4074 1122 4144 insipientes,
1136 4087 1187 4127 raon
1201 4072 1412 4142 imprudentes',
1422 4070 1469 4125 sed
1481 4072 1616 4140 parrulos.

958 4164 1079 4235 parvuli?
1092 4163 1220 4219 llnmilcs.
1234 4164 1313 4233 Ergo,
1327 4162 1484 4215 discendisti
1498 4163 1551 4216 trec
1565 4179 1581 4214 a
1595 4179 1623 4216 sa

957 4269 981 4313 et
994 4256 1166 4328 prudentibus.
1176 4256 1287 4310 Nomine
1301 4256 1457 4325 sapientium
1470 4263 1497 4308 et
1509 4253 1624 4324 prudent

957 4351 1054 4419 perbos
1067 4350 1175 4419 intelligi
1194 4349 1250 4418 ipse
1270 4349 1410 4418 esposuit,
1425 4365 1485 4404 cnm
1505 4349 1552 4412 ait,
1574 4349 1623 4403 llcu

958 4440 1078 4511 perutilis.
1102 4438 1171 4510 Ergo
1190 4438 1359 4494 Abscondisti
1378 4454 1430 4492 non
1449 4438 1577 4508 parvulis.
1594 4438 1623 4507 Qt

958 4548 1012 4585 riou
1024 4530 1157 4601 parvulis?
1168 4529 1225 4584 Non
1239 4529 1392 4584 immitibus.
1404 4528 1470 4596 Quid
1482 4539 1523 4585 est
1535 4570 1541 4593 ,
1562 4545 1615 4584 non

958 4621 1017 4683 bue,
1034 4620 1082 4674 nisi
1093 4619 1233 4689 superbis?
1247 4618 1268 4673 0
1283 4619 1323 4672 via
1338 4619 1456 4673 donnini!
1472 4628 1517 4673 ant
1530 4636 1584 4674 rttrn
1603 4636 1623 4676 et

958 4711 1066 4776 latebat,
1080 4719 1109 4764 ut
1123 4711 1285 4765 revelaretur
1297 4710 1383 4764 rutubis.
1398 4710 1473 4766 Unde
1486 4710 1617 4766 [lominus

959 4803 1013 4856 vit?
1022 4802 1089 4868 Quia
1102 4802 1246 4856 revelatum
1256 4811 1297 4856 est
1309 4803 1433 4871 parvulis.
1448 4802 1580 4859 Debemus
1599 4820 1623 4860 et

958 4894 1028 4958 vuli;
1044 4893 1139 4947 namsi
1153 4893 1385 4948 voluerimnsessc
1400 4893 1496 4964 magni,
1518 4895 1594 4964 qrrnsi
1616 4911 1623 4950 s

958 4993 985 5039 et
1000 4983 1151 5054 prudentes,
1167 5000 1219 5039 non
1231 4984 1306 5039 nobis
1319 4983 1381 5039 illud
1397 4985 1537 5039 revelatur.
1555 4987 1606 5054 Qui

958 5075 1022 5145 gni?
1035 5076 1173 5145 Sapientes
1182 5084 1210 5130 et
1223 5075 1374 5145 prudentes.
1386 5074 1499 5130 dicentes
1510 5092 1538 5130 se
1547 5094 1623 5133 esset

959 5169 1028 5221 sndti
1039 5169 1101 5240 sueti
1110 5178 1178 5222 sunt.
1192 5168 1279 5223 llabes
1292 5168 1439 5223 remedium
1453 5184 1468 5223 a
1485 5171 1620 5225 contrario

960 5259 1044 5314 cendo
1055 5269 1081 5313 te
1095 5275 1156 5315 esse
1167 5260 1312 5330 sapirntem
1323 5261 1418 5315 stultus
1432 5259 1518 5316 laetus
1531 5276 1563 5316 es
1573 5280 1580 5329 ;
1592 5263 1623 5317 di

994 5395 1001 5423 ¹
1015 5401 1065 5440 sur.
1074 5396 1111 5437 er.
1126 5397 1152 5438 et
1162 5389 1253 5452 aliquot
1264 5396 1327 5447 blm,
1340 5396 1362 5439 et
1374 5389 1446 5438 titum
1456 5356 1525 5439 surim
1536 5390 1623 5442 masma

961 5453 1026 5523 νειμ
1048 5452 1137 5501 ondam
1156 5453 1240 5510 verbo,
1262 5450 1326 5513 [scd.
1350 5453 1419 5514 cujus
1438 5452 1491 5502 loco
1513 5453 1562 5503 duo
1581 5463 1623 5505 tiss

151 5577 159 5606 ¹
173 5586 219 5627 aot
231 5575 284 5628 luen
298 5577 360 5641 apud
370 5584 424 5628 tur.
437 5577 539 5639 additur,
552 5577 605 5630 inte
612 5591 621 5642 ,·
633 5577 696 5642 quod
709 5590 722 5626 a
733 5580 829 5629 caeteris
843 5579 909 5630 libris
961 5515 1066 5624 largam
1078 5582 1113 5622 rr.
1128 5580 1154 5621 et
1164 5573 1274 5636 plerique
1284 5582 1348 5634 ase,
1361 5590 1407 5627 non
1417 5577 1544 5643 mpirntes,
1555 5594 1623 5644 narr

998 5642 1007 5672 ²
1019 5636 1165 5689 rasati—nas
1178 5642 1228 5698 ets,
1239 5636 1310 5698 euasi
1322 5638 1359 5689 rr‘o
1371 5640 1464 5691 nnuma
1475 5649 1517 5693 arnt
1527 5656 1574 5694 non
1584 5656 1623 5695 era
