3728 6276
190 268 259 325 ltus

190 382 299 451 probata
315 390 372 446 est;
387 380 460 434 testis
475 389 515 434 est
535 377 652 448 mugnis.
665 375 741 445 Quod
755 375 806 428 illis
826 372 976 440 impensum

191 484 243 538 est,
265 472 452 538 reddiderunt,
474 478 503 526 et
525 470 701 539 impleverunt
721 464 792 537 qood
813 465 849 519 ait
870 471 977 518 sanctos

188 566 324 620 loannes:
340 563 413 618 Sicut
431 559 547 616 cbristus
565 576 612 630 pro
630 558 701 612 nobis
714 557 826 611 unirrrum
838 568 909 608 suom
930 566 978 621 po-

188 657 256 722 suit,
277 657 313 710 sic
333 666 356 709 et
375 671 421 709 nos
438 653 556 709 debemus
571 668 617 722 pro
632 649 753 723 frutribus
766 649 864 702 unimus
886 660 978 716 ponem

188 746 219 820 (l
238 745 316 800 loun.
340 759 386 809 ιιι,
403 743 469 815 lli).
485 743 518 797 lit
530 742 592 798 alibi
608 740 723 805 dieitur:
740 738 779 792 Ad
793 753 904 791 mensum
920 751 976 788 nru-

190 856 265 909 qnom
278 837 375 902 sedisti,
388 837 521 906 diliqenter
535 834 666 889 cottsideru
678 847 734 903 quir
746 839 909 901 opponuntur
922 827 975 890 tibi,

189 929 309 996 qrronitnt
322 927 383 981 tuliu
396 936 420 981 te
431 935 528 996 oportet
541 940 684 995 preponere
700 921 796 992 (Pron.
809 935 882 984 xxtn,
896 919 921 984 l,
934 917 975 987 ut.

190 1019 279 1073 llerrsrt
294 1033 388 1088 nragrta
403 1017 511 1082 esttibi
524 1016 610 1084 epulae
624 1021 686 1069 sum
697 1014 753 1082 ipse
763 1011 887 1066 dominos
900 1023 976 1063 men-

190 1123 237 1163 sae.
253 1108 338 1164 llenro
351 1110 434 1179 poscit
446 1108 572 1163 conuiuas
584 1106 617 1161 de
635 1120 664 1161 se
679 1104 737 1175 ipso
752 1121 759 1158 :
776 1105 826 1158 lroc
840 1102 902 1157 lacit
923 1101 976 1156 tto·

191 1200 281 1254 miurus
295 1198 431 1264 Clrrlstus3
452 1197 509 1267 ipse
529 1197 663 1262 inritator,
682 1196 740 1264 ipse
758 1194 833 1249 cibos
847 1200 873 1248 et
889 1200 975 1261 potos.

188 1292 361 1359 agnoverunt
373 1303 436 1359 ergo
451 1295 584 1359 martyres
599 1285 661 1357 quid
676 1284 848 1341 comederent
861 1291 889 1338 et
901 1281 977 1337 bibe·

188 1391 258 1446 rent,
273 1389 301 1434 ut
314 1378 376 1434 talia
388 1376 541 1433 redderent.

222 1471 250 1525 P.
266 1469 391 1539 blortyres
400 1485 451 1522 non
463 1483 539 1532 exse,
554 1466 598 1521 sed
607 1482 639 1520 ee
648 1465 697 1520 Dei
709 1466 792 1532 pretio
801 1465 914 1517 uictores.
924 1461 977 1518 Sed

188 1562 258 1617 narde
271 1562 334 1615 talia
354 1560 508 1620 redderent.
522 1558 572 1613 uisi
587 1558 630 1612 ille
645 1556 720 1611 daret
735 1555 804 1610 unde
817 1553 976 1620 redderent,

188 1655 233 1725 qui
249 1655 323 1724 prior
337 1649 484 1720 impendit?
499 1649 575 1706 Unde
589 1657 617 1703 et
638 1647 768 1712 Psalmos,
791 1644 836 1699 ubi
850 1645 978 1713 seriptum

187 1745 363 1809 rantur-inas,
377 1741 494 1797 Pretiosa
516 1742 541 1793 iu
561 1746 694 1810 conspectu
714 1736 819 1791 Domini
837 1752 905 1790 mors
918 1751 978 1789 son·

188 1850 285 1893 morunt
298 1838 362 1907 ejus,
377 1833 440 1905 quid
456 1832 532 1888 nobis
546 1829 733 1886 commendati
748 1828 932 1884 Considerarit
945 1828 979 1882 il-

189 1927 223 1982 lic
238 1926 318 1980 bomo
331 1932 428 1996 quamn
443 1922 546 1992 aceepit
559 1936 574 1975 a
589 1921 659 1985 beo;
675 1917 864 1988 circumspexit
880 1925 978 1987 quanta

188 2033 299 2074 mxrnera
317 2016 409 2088 qratia
429 2012 624 2084 Omnipotentis
644 2012 688 2084 qui
708 2026 769 2068 eum
791 2011 910 2079 crearit,
933 2011 978 2082 qni

188 2117 321 2186 perditum
335 2115 465 2186 qnaesivit,
478 2113 523 2185 qui
536 2114 645 2168 inuento
657 2111 760 2167 vertiam
774 2109 856 2174 dedit,
870 2109 915 2179 qoi
929 2122 978 2178 pu·

189 2218 314 2279 qnantum
331 2207 443 2262 inlirmis
454 2207 556 2261 uiribus
568 2204 647 2275 lusit,
658 2203 703 2273 qui
715 2218 745 2258 se
758 2200 914 2273 periclitanti
925 2214 979 2254 non

189 2299 330 2364 subtraxit,
343 2298 389 2371 qui
403 2299 552 2352 rirrcentem
567 2296 723 2357 enrorravit,
738 2293 783 2364 qui
799 2292 934 2362 premium
950 2303 979 2344 se

189 2392 276 2462 ipsum
292 2390 383 2445 dedit:
397 2387 574 2445 corasirleravit
587 2387 644 2441 lucc
656 2385 756 2452 omnia,
771 2393 798 2439 et
812 2381 978 2447 exclamauit,

190 2492 217 2535 et
230 2480 307 2545 dixit,
323 2479 391 2546 Quid
404 2478 539 2533 retribuum
553 2474 664 2530 Domino
676 2490 722 2546 pro
735 2475 850 2528 omnibus
867 2487 923 2541 qrre
940 2487 980 2525 re·

190 2571 275 2624 tribuit
284 2569 364 2625 arild?
374 2568 486 2625 Nolebat
494 2581 555 2622 esse
566 2567 695 2636 ingratos,
705 2563 852 2634 rependere
864 2562 978 2627 uolebat,

190 2672 217 2716 et
229 2660 291 2731 qnid
306 2658 464 2730 rependeret
476 2671 528 2711 oon
544 2654 667 2712 babebat.
676 2654 733 2710 Non
745 2653 821 2718 dixit,
830 2652 898 2718 Quid
908 2652 981 2706 retri-

190 2752 265 2806 buum
277 2750 386 2804 [lumino
397 2765 446 2821 pro
459 2748 652 2817 omnibusque.
666 2747 758 2801 tribuit
769 2745 848 2810 milti,
862 2745 921 2806 sed,
935 2761 981 2816 pro

191 2841 306 2897 onrrribus
323 2856 380 2910 quoe
399 2840 514 2895 retribuit
527 2839 608 2893 rrrilri?
625 2837 684 2894 Non
706 2837 812 2906 tribuit,
834 2837 880 2893 sed
899 2839 980 2892 retri-

191 2933 259 2988 buit.
273 2932 301 2987 Si
316 2931 448 2998 retribuit,
472 2929 571 3000 aliquid
585 2944 634 2985 nos
655 2930 878 2999 impenderamus.
900 2929 981 2984 Plane

193 3023 408 3092 impenderamus
421 3022 489 3076 mula
505 3031 606 3089 nostro,
624 3021 745 3077 retribuit
758 3020 827 3075 bona
842 3035 889 3074 soa
905 3037 913 3074 ι
936 3035 980 3075 re·

192 3097 284 3169 tribuit
298 3114 370 3169 enim
384 3113 452 3168 bona
469 3127 517 3184 pro
530 3114 618 3181 malis,
633 3128 693 3168 cum
713 3126 762 3167 nos
781 3111 981 3167 retribuerimus

194 3206 264 3260 mala
284 3219 332 3274 pro
354 3203 441 3262 nobis.
463 3204 563 3272 eraerlt
584 3217 647 3273 ergo
660 3203 722 3273 quid
737 3201 881 3266 retribuat;
896 3216 981 3270 arigu-

193 3296 259 3351 stias
274 3295 381 3368 patitur,
395 3295 464 3351 unde
479 3293 596 3350 debitunt
610 3293 694 3348 soluat
706 3307 758 3346 non
773 3292 890 3346 inuenit:
913 3290 983 3358 Quid

192 3389 329 3444 retribuunt
344 3387 452 3441 Domino
466 3401 513 3457 pro
526 3383 642 3438 omnibus
654 3399 710 3453 que
722 3382 834 3436 retribuit
849 3382 911 3434 milri
919 3382 931 3435 l
947 3380 983 3436 Et

193 3479 266 3549 rqrrasi
280 3477 410 3533 invenerit
421 3475 492 3547 quod
507 3475 674 3537 retribueret,
687 3472 812 3537 Culicem,
828 3471 923 3541 inquit,
938 3487 980 3526 so·

194 3573 282 3627 luteris
295 3572 428 3641 accipiam,
442 3579 466 3624 et
478 3585 568 3622 norrten
579 3566 683 3620 Domini
694 3565 812 3619 invocabo
821 3563 906 3634 (Ptol.
919 3579 981 3630 cxv,

195 3666 241 3730 lb,
256 3664 301 3730 tt,
315 3664 378 3732 lb).
394 3660 461 3729 Quid
477 3669 518 3715 est
532 3658 601 3713 lane?
615 3656 693 3713 Certe
707 3657 819 3712 reddere
840 3655 981 3726 cogitabat.

196 3755 290 3809 billunc
310 3753 405 3822 rqoaerit
426 3751 548 3821 accipere
564 3767 571 3800 ε
586 3747 695 3804 Culicem
716 3747 835 3802 soluturis
848 3746 981 3815 occipiunt.

196 3847 260 3913 Qnis
281 3855 324 3900 est
341 3845 408 3900 enlin
429 3842 501 3898 iste?
522 3841 597 3895 Calix
618 3840 748 3910 passionis
767 3852 873 3893 amarus
892 3846 920 3892 et
938 3850 983 3890 sa-

195 3938 283 3994 lubrie
297 3955 304 3992 τ
321 3938 388 3991 ralis
402 3951 480 4005 quem
495 3935 545 3988 nisi
560 3933 632 4004 prius
648 3932 750 3988 biberet
770 3929 902 3995 medicus,
925 3938 983 3983 tan·

195 4045 259 4100 gere
280 4029 384 4084 timeret
407 4036 531 4096 egrotos.
557 4024 668 4095 ipscest
681 4023 748 4079 calix
771 4024 840 4079 iste:
861 4022 984 4094 aqrtnsci·

197 4135 256 4174 rnrrs
270 4119 295 4173 in
310 4133 357 4174 ore
370 4117 468 4173 Christi
487 4116 596 4171 calicem
619 4116 697 4169 istum
716 4114 838 4180 dicentis,
853 4112 943 4181 Peter,
962 4113 985 4169 si

197 4211 251 4279 fieri
264 4218 354 4279 polest,
375 4216 485 4262 transeut
496 4223 512 4259 u
524 4223 563 4259 nte
575 4205 642 4260 enlin
653 4207 700 4259 isle
714 4205 819 4276 (llutllt.
833 4219 909 4268 xnrt,
921 4204 983 4273 59).

196 4297 262 4352 llam
277 4305 306 4353 et
320 4295 379 4351 Filii
394 4294 516 4349 Zebedaei
535 4309 583 4364 per
600 4303 710 4348 matrem
729 4307 803 4370 snam
823 4293 985 4362 qnaesierum

196 4386 303 4443 excelsa
317 4387 386 4454 loco,
401 4395 429 4440 ut
442 4401 509 4442 nnrrs
523 4400 615 4439 eorum
630 4383 736 4439 sederet
754 4399 768 4437 a
784 4383 895 4448 dextris,
916 4384 986 4439 alius

196 4495 210 4532 a
223 4479 352 4534 sinistris:
364 4478 459 4549 quibus
471 4476 514 4531 illc
524 4476 572 4542 ait,
581 4474 690 4530 Potestis
700 4474 780 4530 bibere
789 4477 903 4544 culicem,
912 4491 985 4541 quem

125 4583 127 4587 ’
188 4557 242 4644 '290
262 4571 383 4626 rsuram
404 4588 460 4625 snm
477 4568 538 4639 (ru
552 4585 600 4634 n,
614 4567 687 4641 ten
701 4569 873 4625 aristionem
888 4571 985 4640 nuren-

198 4664 252 4717 tisl
265 4662 315 4717 Per
328 4661 421 4717 uallem
437 4662 542 4715 venitur
552 4660 585 4714 ad
599 4669 727 4714 montem.
750 4659 846 4716 Sedent
867 4659 987 4730 queritis

198 4752 345 4808 claritatis?
361 4752 436 4806 Prins
451 4752 533 4807 bibite
550 4753 658 4806 calicem
681 4752 848 4806 lutmilitatis.
869 4752 906 4806 lle
928 4753 987 4820 ipso

200 4844 282 4899 calleo
300 4843 422 4898 dixerunt
437 4851 578 4925 martyres,
597 4842 706 4897 Culicem
720 4843 839 4896 soluturis
852 4842 984 4913 orcrpiom,

199 4944 223 4988 et
237 4950 326 4987 nornen
342 4932 444 4986 bomini
456 4933 584 4987 invocabo.
604 4931 660 4986 Non
674 4948 738 5002 ergo
751 4935 828 4987 times
841 4949 874 4987 ne
888 4934 923 4987 ilri
937 4931 985 4987 de·

200 5022 291 5079 steiusl
302 5022 371 5089 Non,
390 5023 483 5092 inquit.
499 5021 604 5089 Quare?
616 5022 681 5088 Quia
695 5039 784 5076 nomen
801 5021 903 5076 Domini
916 5024 988 5077 irruo·

199 5117 271 5171 eobo.
284 5113 423 5181 Quomodo
437 5117 574 5169 uincerent
591 5126 732 5186 nmrtyreS,
753 5117 802 5169 nisi
817 5116 861 5171 ille
877 5116 903 5171 in
917 5132 987 5171 mar·

200 5211 303 5282 lyribtls
317 5208 444 5267 rittccret,
460 5207 504 5277 qui
519 5206 596 5271 dixit,
610 5205 733 5270 Gaudete,
744 5207 861 5276 quonium
877 5223 922 5277 eqo
941 5208 987 5260 eici

200 5302 320 5356 seculum
333 5298 427 5370 (Joou.
442 5313 498 5364 ιιι,
516 5298 551 5352 55
561 5297 587 5362 l?
606 5296 752 5365 imperator
769 5297 898 5351 coelornrn
913 5314 989 5369 rege·

200 5392 419 5447 tennemonn
435 5391 549 5458 linguam
563 5403 666 5455 eorum,
682 5397 709 5442 et
724 5403 771 5458 per
789 5404 836 5445 eos
852 5391 987 5446 diabolum

201 5483 227 5536 in
242 5492 312 5535 terra
327 5479 479 5549 superabat,
494 5486 521 5533 et
535 5479 561 5533 in
573 5478 642 5534 coelo
654 5489 785 5550 martyres
797 5481 951 5536 coronabat.
966 5482 989 5538 0

201 5572 271 5627 beati
286 5572 331 5642 qni
346 5573 384 5624 sie
400 5571 523 5624 biberunt
535 5571 645 5626 callcem
660 5572 756 5627 istum!
773 5572 900 5629 linierunt
911 5573 988 5629 dolo·

200 5676 253 5729 xes,
269 5673 295 5718 et
309 5669 468 5731 acceperunt
486 5661 611 5719 bonores.
637 5662 771 5721 Attendite
788 5679 868 5735 erpo,
886 5663 988 5722 cbaris-

815 258 843 315 S.
864 253 1046 314 auobsutttt
1067 252 1219 311 episcopt

1753 254 1815 312 ltst

1031 369 1092 424 simi
1104 388 1110 422 ι
1123 368 1194 440 qnod
1207 370 1292 427 oerrlis
1301 384 1356 427 non
1368 370 1489 442 potestis,
1503 380 1593 428 mente
1604 380 1634 429 ει
1645 371 1738 426 animo
1751 371 1816 441 reret

1030 471 1094 527 tate,
1108 472 1135 516 et
1146 463 1233 518 ridete
1247 463 1307 533 quia
1322 464 1430 535 pretioso
1442 464 1469 519 in
1481 473 1617 535 compertu
1637 462 1742 518 buruni
1755 478 1816 518 mers

1030 565 1172 609 sorrctorunt
1184 557 1248 622 eius.

1246 687 1360 746 sunno
1374 686 1534 745 cccxxx·
1549 686 1604 761 (q.-

1268 809 1293 852 n
1303 799 1377 859 natal
1392 809 1517 866 uartyrom
1527 800 1574 864 (b).

1066 932 1091 986 l.
1108 930 1238 987 Sermonis
1255 930 1396 985 exordium.
1418 930 1560 985 Beatorrxm
1581 927 1740 984 solemnitas
1750 943 1814 982 mar·

1030 1030 1178 1093 irrumet
1201 1024 1365 1091 exspectatio
1391 1021 1544 1078 Sanctitatis
1565 1029 1663 1077 restrae
1684 1020 1719 1076 de
1745 1021 1813 1075 nobis

1031 1129 1181 1171 sermonem
1201 1114 1312 1185 llagitat.
1328 1113 1499 1184 intelligimus
1512 1113 1586 1169 enirn
1601 1126 1654 1168 nos
1671 1111 1742 1183 qood
1760 1111 1814 1166 lrnie

1030 1207 1083 1263 diei
1097 1209 1218 1278 congruit
1230 1208 1366 1279 disputare
1379 1206 1486 1262 debere.
1502 1205 1559 1261 lloc
1573 1204 1666 1272 uultis,
1679 1203 1731 1260 hoc
1744 1204 1812 1259 rolu-

1030 1314 1089 1353 mus
1100 1317 1106 1352 :
1119 1299 1254 1354 boclaeiat
1266 1299 1291 1353 iu
1303 1298 1378 1369 cujus
1386 1303 1536 1352 manusum
1546 1303 1574 1352 et
1584 1310 1636 1350 nos
1645 1304 1674 1351 et
1683 1309 1813 1350 sermones

1030 1390 1113 1444 nostri
1124 1405 1131 1455 ;
1142 1388 1224 1445 donet
1233 1387 1443 1458 breuitatem,qoi
1452 1387 1543 1442 tribuit
1554 1388 1720 1442 uoluntatem
1734 1382 1813 1454 (elin

1030 1482 1081 1538 lune
1100 1483 1172 1538 enim
1190 1491 1321 1552 martyres
1341 1480 1518 1551 flagraverunt
1531 1495 1538 1532 ε
1553 1477 1726 1533 invisibilium
1746 1477 1811 1533 cuim

1030 1589 1122 1629 amore
1135 1574 1257 1628 succensi
1270 1572 1383 1627 risibilia
1395 1578 1625 1642 mntempserom.
1641 1566 1712 1636 Quid
1724 1568 1812 1623 amarit

1031 1666 1057 1721 in
1070 1679 1111 1730 εε,
1123 1665 1169 1733 qui
1183 1664 1344 1734 contempsit
1355 1672 1383 1721 et
1396 1679 1435 1730 εε,
1449 1677 1483 1719 ne
1494 1660 1622 1734 perderet
1642 1661 1693 1718 sel
1715 1660 1811 1731 Templa

1030 1755 1101 1810 enim
1116 1755 1162 1810 bei
1177 1763 1264 1818 emm,
1281 1762 1309 1808 et
1326 1753 1409 1809 [ιειιιιι
1422 1768 1516 1808 uerum
1531 1751 1557 1807 in
1572 1766 1604 1808 εε
1622 1751 1746 1807 babitare
1757 1766 1811 1806 sen·

1031 1847 1145 1911 tiebant;
1159 1845 1219 1902 ideo
1232 1845 1313 1902 lalsos
1324 1845 1390 1901 dees
1402 1860 1455 1899 non
1466 1844 1602 1900 colebant.
1615 1842 1769 1907 Audieram,
1779 1841 1811 1897 si

1032 1938 1128 1994 tienter
1142 1936 1301 2000 hauserant,
1317 1935 1494 2005 medullisque
1514 1934 1617 1990 intimis
1635 1934 1730 1990 cordis
1742 1934 1811 1989 tradi·

1030 2033 1135 2099 derant,
1152 2033 1255 2105 sibique
1275 2032 1390 2103 quodam
1409 2031 1489 2087 modo
1500 2030 1739 2100 {irrriscerareraat
1755 2028 1812 2098 quod

1032 2122 1161 2179 Dominus
1170 2123 1247 2189 dixit,
1259 2122 1290 2178 Si
1299 2123 1356 2194 quis
1365 2122 1418 2177 uult
1429 2122 1512 2177 uenire
1522 2131 1579 2191 post
1590 2121 1649 2175 sne?
1659 2130 1734 2192 neqet
1743 2128 1813 2175 serm

1030 2214 1123 2284 ipsum.
1134 2212 1160 2267 N
1162 2223 1225 2285 eqet,
1236 2213 1329 2284 inquit,
1338 2212 1508 2284 temetipsum.
1517 2221 1539 2265 et
1548 2210 1622 2264 tollet
1632 2227 1736 2266 erucem
1744 2224 1811 2271 ειιιιι,

1031 2314 1054 2358 et
1065 2315 1184 2374 sequetur
1194 2321 1235 2361 nte
1249 2307 1259 2376 l
1272 2304 1367 2359 llottlt.
1386 2320 1448 2372 ιιι,
1462 2304 1499 2359 st
1510 2306 1530 2374 l.
1553 2303 1623 2359 ilinc
1644 2303 1749 2375 aliquid
1765 2302 1814 2356 sole

1031 2396 1131 2462 dicere,
1145 2406 1173 2452 ει
1183 2405 1265 2453 ιειιει
1277 2412 1320 2453 me
1332 2407 1420 2453 restra
1433 2397 1555 2460 intentio,
1568 2395 1647 2465 jubet
1656 2396 1755 2451 oratio.

1066 2487 1095 2542 P.
1125 2487 1228 2561 Neane
1250 2505 1278 2544 se
1298 2488 1425 2560 quomodo
1445 2488 1533 2543 debeat
1554 2486 1651 2544 Christi
1674 2487 1812 2559 discipulus.

1032 2577 1100 2647 Quid
1114 2591 1167 2647 est,
1182 2594 1247 2651 rogo
1262 2595 1320 2648 vos,
1335 2580 1366 2635 Si
1379 2580 1435 2651 quis
1448 2580 1500 2634 nult
1519 2589 1575 2652 port
1599 2596 1641 2634 me
1662 2581 1757 2645 uenire,
1776 2595 1812 2632 ns·

1032 2679 1074 2741 qet
1087 2671 1259 2739 tenutipsum,
1270 2679 1293 2724 et
1306 2668 1380 2724 tollet
1392 2685 1490 2724 nucem
1501 2685 1584 2732 suern,
1598 2678 1624 2724 et
1637 2679 1759 2740 rquntru
1770 2667 1814 2721 nel

1034 2761 1207 2831 intelligimus
1220 2759 1283 2831 quid
1296 2769 1349 2828 εει,
1368 2759 1455 2814 Tellus
1468 2775 1568 2812 crucem
1586 2774 1680 2825 suom,·
1699 2761 1815 2812 sustineat

1033 2852 1231 2908 tribulationem
1252 2865 1347 2908 snam:
1369 2851 1440 2905 tollat
1454 2850 1525 2905 enirn
1540 2857 1582 2904 est
1595 2847 1684 2917 lerat,
1707 2848 1813 2904 collem.

1033 2947 1178 3011 Pallentes,
1194 2945 1290 3016 inquit,
1306 2943 1419 3012 accipiat
1431 2941 1520 2997 omnia
1533 2957 1594 3011 qum
1607 2941 1709 3011 patitur
1720 2948 1815 3012 propter

1033 3052 1086 3092 me.
1109 3035 1142 3089 lu‘t
1162 3044 1281 3106 remeetur
1295 3050 1344 3087 me.
1364 3033 1440 3102 Quoi
1461 3033 1521 3102 Quo
1542 3047 1605 3087 eum
1628 3032 1752 3087 novimus
1773 3033 1816 3084 isse

1034 3139 1094 3200 post
1107 3127 1339 3183 resurrectionem.
1355 3122 1483 3180 Ascendit
1494 3123 1565 3179 enim
1578 3124 1606 3178 in
1622 3123 1732 3189 coelum,
1743 3132 1770 3177 et
1781 3135 1816 3174 sc·

1033 3223 1080 3277 det
1094 3221 1128 3277 ad
1140 3222 1276 3276 dexteram
1292 3219 1388 3273 Patris.
1403 3217 1441 3272 lbi
1455 3232 1505 3271 nos
1516 3215 1598 3272 etiam
1613 3216 1763 3271 collocarit.
1780 3213 1815 3266 ln·

1035 3316 1112 3370 terim
1129 3313 1261 3383 pracedat
1275 3326 1347 3380 spes,
1367 3318 1397 3364 ut
1414 3316 1540 3379 sequatur
1553 3323 1609 3363 res.
1627 3307 1768 3375 Quomodo
1779 3305 1815 3359 de·

1034 3407 1096 3461 beat
1109 3402 1262 3475 praecedere
1276 3415 1348 3472 spes,
1362 3408 1493 3455 noverunt
1506 3399 1550 3469 qui
1565 3398 1696 3464 audiunt,
1716 3398 1815 3453 Sursum

1034 3512 1092 3552 cor.
1107 3496 1199 3550 Restat
1213 3502 1300 3548 sotem
1315 3507 1447 3562 quaerere,
1466 3499 1595 3562 quanmm
1613 3490 1724 3560 adjurat
1738 3490 1816 3544 bomi-

1035 3604 1103 3656 nns,
1117 3598 1144 3643 et
1156 3587 1307 3652 discurrere,
1327 3594 1356 3640 et
1373 3584 1419 3639 illo
1440 3584 1577 3654 aperiente
1592 3583 1712 3651 intrare,
1735 3593 1762 3639 ει
1782 3583 1818 3638 illn

1035 3682 1151 3736 donante
1164 3678 1293 3743 inuenire,
1308 3687 1334 3732 ει
1349 3677 1424 3732 robis
1439 3676 1509 3746 quod
1525 3676 1648 3732 invenire
1663 3677 1818 3747 potuerimus

1035 3774 1203 3844 depromere.
1224 3771 1287 3841 qnid
1302 3769 1337 3826 sit
1357 3769 1427 3840 qnod
1448 3771 1501 3834 ait,
1525 3767 1606 3840 Nepet
1628 3786 1666 3824 se.
1690 3769 1820 3838 Quomodo

1036 3872 1156 3935 negatae
1169 3861 1214 3932 qni
1227 3870 1299 3915 amat
1317 3861 1363 3916 sel
1377 3859 1415 3914 lta
1429 3874 1494 3914 uero
1512 3860 1626 3914 rationis
1640 3868 1695 3923 est,
1711 3861 1758 3915 sed
1777 3860 1819 3914 ltu·

1036 3970 1143 4011 manas:
1167 3952 1248 4008 homo
1271 3952 1336 4006 milri
1356 3950 1438 4018 dicit,
1462 3951 1602 4020 Quomodo
1627 3963 1709 4023 negat
1731 3952 1819 4024 sequi

1036 4058 1108 4103 annal
1119 4047 1168 4102 sel
1179 4045 1233 4102 Sed
1246 4045 1309 4100 dicit
1322 4045 1392 4100 Deus
1405 4044 1521 4109 bomini,
1543 4043 1629 4114 Neget
1643 4060 1692 4111 se,
1716 4048 1738 4100 si
1760 4053 1822 4099 snm

1037 4155 1077 4196 se.
1091 4138 1212 4196 Antando
1224 4138 1295 4193 enirn
1314 4153 1354 4200 se,
1373 4136 1461 4208 perdit
1480 4150 1531 4191 se:
1547 4138 1672 4207 negando
1690 4154 1740 4203 se,
1756 4141 1821 4193 inse·

1038 4232 1078 4287 nit
1089 4247 1128 4288 se.
1151 4231 1201 4297 Qui
1221 4237 1306 4295 omui,
1327 4229 1421 4299 inquit,
1437 4228 1548 4281 ultimum
1562 4245 1657 4292 mmm,
1674 4231 1760 4300 perdet
1774 4245 1822 4282 enm

1038 4321 1127 4396 (loen.
1144 4337 1192 4386 ιιι,
1202 4318 1260 4391 25).
1271 4318 1354 4375 lussit
1368 4319 1412 4389 qni
1426 4318 1499 4373 norit
1511 4317 1573 4388 qnid
1584 4318 1692 4387 jubeat,
1706 4321 1765 4391 qnia
1777 4320 1822 4375 seit

1038 4414 1178 4469 consulere
1197 4411 1330 4482 quinovit
1348 4411 1489 4472 instruere,
1508 4419 1535 4465 et
1555 4411 1630 4465 nouit
1644 4427 1771 4481 reparare
1784 4412 1823 4482 qui

1038 4505 1160 4575 dignatos
1175 4511 1216 4558 est
1227 4516 1330 4557 creare.
1353 4501 1403 4567 Qui
1416 4510 1496 4566 emat,
1512 4501 1610 4572 perdm.
1634 4501 1768 4558 Luctoosa
1788 4518 1825 4555 res

1038 4608 1079 4652 est
1101 4594 1213 4664 perdere
1230 4593 1299 4664 qood
1324 4608 1408 4647 amas.
1432 4593 1485 4647 Sed
1508 4594 1642 4648 interdum
1667 4605 1695 4651 et
1718 4595 1824 4666 agricola

1039 4688 1125 4760 perdit
1138 4685 1209 4757 qnod
1221 4689 1346 4741 seminat.
1360 4683 1474 4750 Prolcrt,
1488 4686 1600 4755 spargit,
1615 4687 1719 4756 abjicit,
1735 4688 1824 4742 obruit.

1039 4779 1106 4847 Quid
1120 4777 1241 4833 miraris?
1254 4775 1307 4833 lste
1318 4784 1486 4844 cointemptor
1503 4783 1532 4830 et
1550 4775 1673 4844 perditor
1684 4794 1778 4833 arares
1790 4785 1825 4831 est

1040 4886 1152 4926 messor.
1166 4870 1235 4938 Quid
1249 4870 1345 4925 lactum
1361 4868 1412 4929 sit,
1436 4867 1521 4921 biems
1542 4877 1569 4922 et
1591 4879 1673 4924 astas
1696 4871 1824 4940 probarim

1040 4962 1157 5018 ostendit
1173 4963 1218 5018 tibi
1232 4961 1357 5033 gaudium
1371 4960 1496 5014 metentis
1509 4960 1651 5014 consiliunt
1667 4961 1825 5018 seminantis.

1071 5118 1080 5137 ⁹
1093 5116 1237 5167 emendatus
1247 5113 1276 5165 ad
1287 5114 1312 5163 d.
1324 5126 1345 5164 r.
1355 5120 1374 5165 t.
1386 5127 1409 5163 r.
1422 5118 1449 5164 et
1463 5111 1491 5160 ad
1502 5112 1572 5160 sirm.

1082 5195 1096 5229 n
1120 5179 1189 5237 nlias,
1202 5175 1448 5227 intersirmondianos
1457 5173 1496 5223 29.

1083 5242 1097 5291 b
1120 5248 1186 5289 ltunc
1197 5239 1259 5288 tseda
1274 5238 1380 5286 nondum
1388 5236 1501 5298 uulgatus
1511 5233 1542 5283 ad
1552 5233 1627 5285 Galat.
1638 5251 1656 5286 rx
1668 5238 1825 5299 appellasses·

1041 5316 1138 5352 ntouern
1150 5321 1161 5348 ι
1171 5302 1204 5350 de
1215 5300 1259 5360 (tui
1270 5305 1335 5350 nnat
1349 5298 1455 5348 estbrrom
1464 5309 1542 5352 sumn,
1554 5299 1642 5360 perdet
1653 5312 1717 5348 ermr.
1731 5318 1741 5343 r
1756 5299 1825 5348 unns

1040 5365 1131 5415 ibidem
1145 5375 1284 5413 sermonem
1298 5379 1309 5406 ι
1319 5360 1352 5410 (ιε
1363 5359 1449 5409 verbis
1460 5358 1560 5407 uormrn.
1574 5371 1589 5402 r
1600 5367 1721 5410 caeterum
1737 5362 1824 5410 liures

1041 5424 1101 5476 allos
1108 5424 1222 5488 quosdam
1234 5421 1411 5472 antecedentes
1421 5433 1449 5470 ae
1456 5420 1642 5482 subsequentes
1650 5421 1685 5471 de
1696 5424 1766 5473 uetat
1777 5430 1816 5469 ttae

1041 5495 1130 5550 tyrum,
1138 5487 1180 5549 qui
1191 5499 1223 5535 ex
1234 5485 1381 5534 lectionariis
1392 5483 1449 5532 erliti
1458 5481 1703 5542 lueruntsermones,
1712 5485 1771 5534 barud
1777 5495 1825 5546 qm·

1041 5562 1114 5612 quarn
1125 5550 1234 5611 integros
1253 5559 1310 5596 esse
1322 5544 1428 5595 ostendit
1441 5556 1508 5605 saepe
1520 5546 1596 5594 scissa
1608 5551 1634 5594 et
1646 5558 1695 5596 noo
1714 5549 1771 5598 satis
1779 5557 1824 5596 eeu

1042 5621 1108 5663 stans
1118 5611 1232 5660 madonis
1237 5610 1325 5658 series.

1075 5674 1111 5737 (ε)
1122 5678 1191 5723 Forte
1202 5669 1282 5734 aliqua
1293 5670 1331 5720 luc
1340 5669 1509 5732 parternum.
