3728 6276
658 280 660 285 .
748 227 864 288 stttttto
883 225 1018 284 cctxtt.
1610 224 1686 286 itan

284 351 398 412 SERMO
415 349 555 410 debuit·
570 349 619 421 (a).

272 453 298 498 Ιιι
313 446 401 510 uigiliis
416 449 573 496 ceutemstes
588 441 633 505 (b).

142 546 202 589 erstt
214 527 314 587 Psalmi
327 545 388 595 cxc,
403 528 431 592 5,
445 524 603 582 Emendabit
613 537 657 580 me
669 520 767 592 justus,
780 526 828 575 cta.

317 619 412 676 Contra
432 616 589 672 Donatistae.

150 713 249 769 Psalmi
275 728 360 767 ueram
393 709 459 765 male
487 707 664 764 intellectusa
696 702 845 759 Donatistis.

144 805 196 867 adia
208 803 296 859 diuina
310 801 425 872 eloquia,
438 815 508 870 quae,
522 814 581 855 omn
594 796 715 854 Psalmus
725 801 847 878 canime-

142 894 287 961 adivimus,
313 894 401 966 placet
418 892 560 961 adjurante
575 888 686 945 Domino
706 887 847 955 istampo·

142 1001 190 1043 rum
202 986 335 1042 discutere
344 991 372 1042 et
387 991 547 1054 pertractare
557 979 729 1043 senteutiam,
742 992 794 1050 qua
806 975 847 1031 di-

142 1083 194 1143 est,
208 1074 358 1130 Emendabit
370 1089 409 1127 me
421 1072 507 1142 justus
527 1071 554 1125 in
567 1067 748 1134 misericordia,
762 1075 786 1122 et
801 1082 846 1121 ar-

142 1183 186 1232 ne,·
199 1167 282 1221 oleum
303 1174 386 1218 ouum
401 1162 537 1234 peccatoria
556 1177 606 1215 non
622 1158 759 1231 impinpust
771 1165 847 1229 eaput

142 1298 153 1312 ,.
169 1256 295 1317 Nonnulli
314 1256 384 1311 enim
400 1253 570 1310 crediderunt
585 1250 671 1308 oleum
687 1248 843 1321 peccatoris,

142 1366 220 1409 resse
233 1349 362 1412 hominis;
375 1348 435 1419 qnia
447 1346 530 1401 omnis
542 1347 616 1400 iroruo
636 1343 746 1399 mendox
758 1339 844 1411 (Psoi.
889 1403 894 1412 ⁸

142 1444 194 1512 ll).
207 1441 302 1498 Oleum
316 1451 403 1496 autern
424 1437 534 1502 Christi,
548 1437 609 1509 qnia
628 1436 730 1492 nullum
755 1433 848 1491 babuit

142 1549 169 1590 so
182 1543 337 1605 peccatum,
351 1532 402 1587 etsi
421 1545 470 1602 per
489 1537 657 1600 peecatorem
670 1527 844 1602 ministretur,

142 1632 180 1682 cst
197 1623 285 1680 oleum
308 1621 467 1692 peccatoris.
491 1621 557 1676 Cum
579 1628 635 1675 tres
657 1614 845 1677 considerandi

142 1721 316 1780 roccmrant;
332 1727 416 1784 aquo
440 1711 527 1777 datur,
543 1710 586 1766 cui
600 1708 687 1775 datur,
706 1721 845 1778 perquem

149 1821 222 1865 :non
232 1807 372 1863 timeamus
386 1803 474 1860 oleam
488 1802 646 1874 peccatoris,
661 1801 721 1872 quia
735 1815 787 1856 non
802 1799 843 1854 in·

142 1898 163 1954 it
173 1897 277 1954 medius
291 1896 411 1953 minister
425 1891 582 1950 benennom
595 1891 738 1963 largitoris.

142 1988 254 2059 Spiritus
279 1987 361 2043 sancti
378 1984 498 2040 adtentus
515 1983 557 2038 dis
570 1981 738 2037 Pentecosten.
756 1979 846 2036 linitas

142 2081 182 2138 ria
198 2079 330 2135 catholiam
350 2079 416 2132 dono
434 2077 577 2147 linquarum
591 2074 744 2147 siquificata.
767 2071 847 2129 Certe

142 2171 337 2228 solemnitatem
351 2168 431 2228 morlo
441 2166 608 2225 celebramus
618 2164 747 2222 adventus
763 2163 847 2235 Spiri-

142 2263 202 2320 mcti
216 2280 224 2318 a
238 2278 298 2317 narn
308 2261 351 2319 die
360 2260 544 2324 Pentecostes,
558 2259 602 2330 qni
614 2258 673 2313 dies
686 2257 740 2327 jam
754 2255 846 2326 coepit,

151 2371 204 2425 pao
219 2355 246 2410 in
260 2354 320 2410 loco
340 2360 447 2409 centum
466 2350 558 2422 viginti
579 2350 686 2415 arriana,
711 2346 847 2420 inquibus

142 2446 181 2503 oli
199 2455 227 2502 et
247 2455 333 2501 mater
356 2443 463 2499 Domini
485 2451 513 2497 et
532 2440 577 2497 alii
606 2440 743 2511 utriusque
768 2452 848 2495 sexus

142 2553 168 2595 es
189 2545 217 2595 et
233 2543 420 2606 exspectantes
437 2533 596 2606 promissum
620 2530 728 2601 Christi,
743 2530 795 2594 hoc
807 2538 850 2588 est

142 2639 202 2685 itum
216 2627 331 2699 Spiritus
350 2626 445 2683 sancti.
466 2625 524 2680 Non
536 2632 593 2680 erat
616 2623 703 2678 inanis
717 2636 779 2694 spes
801 2636 849 2676 ex·

142 2719 214 2780 tntis,
231 2718 292 2789 qnia
311 2734 364 2772 non
389 2722 448 2772 erat
469 2715 547 2769 lullax
567 2713 723 2785 pollicitatio
738 2709 850 2783 promit·

142 2831 144 2862 ι
159 2809 249 2881 :qaod
263 2808 476 2880 exspectabatur,
492 2805 600 2861 aduenit
623 2813 649 2862 et
664 2817 726 2859 rasa
738 2800 848 2871 munda,

142 2906 186 2958 bus
199 2901 389 2973 susciperetur,
403 2899 513 2956 inuenit.
532 2896 600 2952 Visae
614 2906 673 2951 sunt
691 2896 743 2951 illis
756 2895 851 2968 linquar

142 2994 232 3048 caelat
252 2993 328 3065 ipuis,
349 2992 392 3063 qui
410 2999 433 3045 ct
454 2989 546 3044 insedit
563 3004 640 3060 saper
651 3003 851 3060 urrumpucmpue

142 3101 149 3138 ι
155 3100 165 3152 ,·
177 3092 201 3139 et
220 3093 346 3154 ceperunt
360 3082 428 3152 loqui
445 3081 537 3152 linquis
561 3079 626 3136 sicut
645 3078 759 3151 Spiritus
774 3077 851 3133 dabat

143 3174 284 3230 anuntiare.
305 3171 494 3242 Unusquisque
514 3171 595 3226 homo
612 3169 709 3242 linquis
727 3169 851 3225 omnibus

142 3264 231 3328 batur,
243 3263 304 3334 quia
326 3261 412 3317 lutura
427 3260 546 3317 Ecclesia
570 3260 596 3315 in
611 3259 735 3316 omnibus
752 3259 851 3330 linguis

142 3356 299 3416 untiabatur.
325 3355 399 3413 Unus
421 3353 501 3410 bomo
526 3354 631 3426 signum
646 3362 705 3410 crat
719 3353 851 3410 unitatis:

142 3448 267 3520 elingue
284 3446 311 3502 in
326 3462 379 3501 uno
398 3444 515 3512 bomine,
531 3459 626 3503 omnes
637 3451 732 3516 gentes
744 3442 770 3499 in
792 3443 853 3498 uni·

153 3540 202 3610 Qui
227 3538 298 3611 pleni
320 3546 406 3606 erattt,
428 3537 625 3608 loquebantur:
640 3545 667 3593 et
691 3534 737 3607 qui
760 3536 853 3606 inanes

142 3673 151 3696 ,
170 3631 350 3696 nrirabantm;
364 3639 391 3686 ct
401 3629 472 3701 quod
484 3637 526 3684 est
538 3627 785 3699 reprehensibilius,
800 3627 852 3683 mi·

141 3732 194 3778 rtur
215 3730 243 3778 et
266 3719 505 3778 calumniabantur.
536 3718 664 3775 Dicebant
685 3719 756 3775 enim
780 3736 788 3773 :
816 3718 853 3773 lli

142 3823 198 3870 sunt
211 3825 235 3869 et
248 3822 328 3868 musto
349 3812 426 3885 pieni.
440 3812 524 3880 Quam
549 3810 628 3866 stulta
650 3818 677 3866 et
689 3810 852 3866 calumniosa

142 3905 256 3963 hensio!
277 3905 362 3961 llomo
374 3903 464 3958 ebrius
477 3917 530 3957 non
551 3901 665 3957 alienam
680 3899 796 3972 linguam
810 3899 853 3956 di·

142 3996 185 4054 sed
198 4011 273 4051 suam
285 3993 382 4065 perdit.
396 3993 586 4049 Verumtamen
600 4007 649 4063 per
661 3992 812 4064 ignorantes
826 3999 855 4047 et

142 4086 258 4142 aniantes
283 4084 382 4140 toritas
404 4083 572 4155 loquebatur.
605 4082 665 4140 Jam
689 4082 788 4155 quippe
815 4081 854 4138 iili

150 4184 227 4233 erarrt
249 4176 311 4230 vino
332 4190 412 4243 nuru,
435 4175 497 4246 quia
519 4172 582 4230 laeti
603 4184 679 4231 erant
705 4174 853 4231 utresnori

143 4269 170 4324 1ι.
186 4266 293 4341 tx,l'1).
313 4265 367 4324 Sed
379 4275 451 4323 utres
469 4281 553 4321 novus
567 4276 640 4323 utres
650 4274 754 4323 ueteres
770 4266 853 4322 mira·

142 4376 171 4428 rr,
187 4357 472 4419 etcaluumiandonee
498 4358 704 4428 innovabantur,
729 4373 779 4415 nec
804 4358 854 4414 im·

143 4459 216 4506 ntur.
235 4448 288 4507 Sed
303 4464 426 4521 repressa
448 4449 554 4506 tandem
568 4451 710 4520 calumnia,
727 4467 789 4508 mox
807 4451 853 4508 ubi

142 4539 304 4597 oeiuantibus
318 4541 500 4610 rationemque
524 4539 696 4596 reddentibus
708 4550 735 4597 et
754 4539 854 4598 Cltristi

142 4631 364 4704 rprmdicantibus
375 4646 455 4687 aures
469 4631 605 4703 apostolis
618 4633 855 4701 prebueruntau·

142 4726 163 4778 lo
176 4723 326 4792 compuncti
348 4731 419 4788 sunt,
442 4723 647 4794 compunctione
672 4723 765 4777 mutati
778 4733 852 4789 sum,

142 4817 159 4873 ti
171 4816 357 4881 eredideruut3
371 4815 522 4878 eredentes,
536 4815 588 4870 hnc
599 4814 671 4886 quod
686 4814 713 4870 in
731 4814 791 4870 aliis
804 4816 854 4871 nri-

142 4917 201 4969 rtnr,
215 4907 338 4978 accipere
349 4914 504 4963 meruerunt
515 4903 585 4977 (Act.
600 4906 642 4977 ιι).

147 4998 259 5070 Spiritus
277 5007 379 5052 sanctus
401 4997 515 5062 danunt,
533 5013 583 5052 uon
601 4997 711 5051 bominis
733 4997 853 5065 ntt'nt'slri,

142 5092 179 5147 et.
191 5089 382 5146 Donatistarum
403 5106 484 5156 error,
505 5106 556 5145 uon
575 5089 632 5143 duri
647 5089 774 5160 Spiritum
791 5105 853 5145 sun·

142 5272 190 5334 puts
203 5270 323 5319 mamona
332 5269 447 5331 scriptum
464 5266 561 5331 aliquod
572 5267 698 5331 exemplar
712 5267 797 5319 ridere
807 5280 857 5319 non

150 5400 219 5475 allas,
235 5401 251 5449 5
265 5401 329 5450 inter
345 5398 552 5450 undecim‘editos
568 5412 600 5450 er
616 5399 712 5463 maioris
726 5399 856 5451 carthusia

142 5468 267 5573 wasme
284 5524 307 5571 in
331 5522 452 5580 tnrlieulu,
473 5534 525 5584 cap.
543 5522 572 5580 b,
588 5530 706 5574 recenset
730 5536 787 5572 cum
809 5523 856 5573 alio

142 5586 219 5697 &²3¹⁰
243 5585 329 5634 iisdem
346 5583 433 5648 uigiliis
454 5584 536 5635 habito
558 5599 633 5648 quem
652 5585 765 5648 reperies
784 5599 856 5650 supra

188 5728 301 5791 Sanun.
323 5731 461 5791 hususr.
484 5727 525 5802 V,

899 347 966 395 ctum
978 340 1028 395 nisi
1036 356 1081 410 pet·
1101 348 1199 396 sanctos
1214 341 1349 396 orinistros.
1366 341 1465 398 Deitrdc
1477 343 1557 414 coepit
1571 342 1685 412 Spiritus

900 440 1007 491 sanetus
1025 433 1083 490 dari
1104 449 1151 505 per
1169 434 1345 490 ministerium
1360 434 1560 504 Apostolorum.
1575 434 1614 490 llli
1628 451 1685 497 ura·

900 538 950 580 nus
971 523 1151 594 imponebant,
1165 533 1193 581 et
1205 525 1249 581 ille
1261 525 1392 582 veniebat.
1413 522 1466 582 Sed
1485 524 1537 581 lroe
1561 540 1613 595 non
1627 537 1685 599 erat

899 612 1036 673 bominum
1051 631 1059 669 a
1074 629 1127 670 nun
1142 613 1192 669 sibi
1204 625 1309 686 arroget
1321 614 1444 671 minister
1451 614 1510 686 plus
1522 630 1601 687 quarn
1613 615 1685 685 quod

900 705 1068 762 atministcr.
1084 705 1158 760 alius
1167 713 1209 762 est
1221 704 1345 773 donatur,
1355 705 1421 762 alius
1437 691 1611 762 ministrator.
1627 690 1684 760 lloe

898 797 998 869 quippe
1016 803 1128 853 testatus
1141 806 1183 852 est
1191 797 1313 868 Spiritus,
1328 814 1362 854 ne
1376 788 1498 852 homines
1510 798 1560 853 sibi
1574 811 1684 868 arroga-

901 896 963 945 rent
976 886 1048 959 quod
1062 887 1110 943 liei
1129 896 1196 944 erat.
1212 887 1279 944 ilinc
1293 888 1364 944 enim
1378 888 1461 946 soluit
1474 884 1575 949 Simon
1584 887 1685 954 inllnri,

898 980 943 1052 qui
957 979 1111 1037 existimaus
1123 980 1174 1036 hoe
1188 979 1338 1036 hominihus
1359 996 1418 1036 csse
1441 973 1619 1047 tribuendum,
1632 993 1683 1051 pe-

898 1070 1003 1127 cuniam
1016 1071 1141 1142 promisit
1153 1071 1299 1143 apostolis,
1314 1082 1344 1126 ut
1356 1071 1425 1127 etad
1438 1071 1520 1142 ipsius
1533 1056 1628 1135 rnanus
1637 1072 1686 1126 im·

898 1161 1059 1233 positionem
1083 1162 1186 1218 ueniret
1209 1161 1323 1232 Spiritus
1345 1170 1461 1251 sancus.
1485 1161 1603 1217 Gratiam
1630 1177 1683 1218 nou

898 1258 1017 1321 peremat.
1030 1250 1096 1307 llam
1114 1252 1136 1307 si
1159 1253 1270 1325 gratiam
1285 1259 1451 1324 agnosceret,
1466 1253 1548 1324 gratis
1563 1252 1684 1309 baberet.

899 1342 960 1399 ldeo
972 1343 1033 1415 qnia
1048 1343 1129 1399 voluit
1147 1359 1237 1401 emere
1254 1343 1392 1415 Spiritum,
1406 1360 1459 1399 non
1474 1346 1571 1423 meruit
1585 1344 1686 1401 redimi

897 1434 945 1490 abs
958 1434 1067 1506 Spiritu.
1076 1433 1143 1504 Quid
1157 1449 1203 1500 es,
1215 1434 1313 1502 bomo,
1327 1435 1396 1506 qnod
1410 1443 1437 1491 te
1448 1435 1540 1492 inllare
1552 1436 1608 1492 uisi
1622 1435 1686 1501 Sul·

898 1524 954 1580 lleit
967 1524 1012 1581 tibi
1026 1532 1055 1581 ut
1074 1525 1219 1597 implearis,
1233 1541 1294 1597 ‚non
1307 1535 1336 1581 ut
1350 1525 1459 1582 iuberis.
1483 1525 1534 1597 Qui
1548 1528 1683 1599 impletur,

897 1614 973 1672 dines
984 1623 1025 1671 est
1040 1633 1047 1670 :
1064 1617 1108 1686 qui
1121 1615 1239 1682 inllatur,
1263 1617 1349 1674 inanis
1361 1627 1411 1673 est.
1422 1617 1474 1674 Sed
1489 1633 1538 1690 per
1551 1619 1685 1687 homines,

898 1705 1029 1777 inquiunt,
1042 1705 1164 1763 dabatur.
1179 1707 1311 1781 Numquid
1322 1709 1382 1765 ideo
1392 1718 1450 1765 erat
1464 1710 1601 1766 lrorninum
1611 1713 1684 1783 quod

897 1795 1030 1853 dabatur?
1045 1796 1098 1853 Sed
1123 1813 1177 1852 non
1204 1807 1307 1870 poterat
1326 1798 1394 1866 dari,
1419 1801 1551 1870 inquiunt,
1571 1803 1621 1857 nisi
1637 1817 1687 1874 per

898 1888 1020 1947 homines
1033 1898 1149 1946 sanctos.
1162 1889 1294 1962 Numquid
1307 1891 1332 1946 in
1347 1892 1419 1961 ipsos
1433 1907 1481 1962 per
1501 1891 1624 1948 lrornines
1640 1909 1687 1950 re·

887 1982 990 2040 ,norati
1003 1981 1125 2052 Apostoli
1135 1996 1229 2037 manus
1241 1982 1424 2055 imponebant,
1439 1993 1467 2039 et
1484 1985 1598 2055 Spiritus
1624 2001 1687 2042 san·

897 2081 956 2128 ctns
970 2073 1091 2129 ueniebat
1107 2091 1114 2127 z
1129 2073 1235 2144 quando
1248 2073 1282 2129 ad
1293 2074 1364 2145 ipsos
1378 2076 1459 2142 uenit,
1481 2076 1546 2147 ipsis
1558 2077 1619 2147 quis
1630 2092 1688 2133 ma·

899 2165 1103 2235 nusimposnit?

934 2257 960 2311 1.
981 2255 1093 2326 Spiritus
1117 2265 1219 2312 sanatus
1240 2257 1294 2312 siue
1320 2257 1448 2313 leominum
1472 2259 1610 2314 ministerio
1634 2260 1686 2314 oii-

898 2345 1000 2419 quondo
1012 2347 1095 2401 datos.
1112 2347 1230 2417 Accipite
1240 2357 1267 2403 et
1279 2356 1368 2404 tenete
1380 2349 1468 2405 divina
1481 2350 1605 2423 exempla
1619 2350 1686 2408 :scd

902 2437 1005 2508 eloquia
1027 2437 1074 2493 liei
1088 2448 1159 2506 sunt,
1175 2438 1491 2511 Scriptumanetonus,
1512 2440 1578 2496 tides
1592 2442 1689 2499 verbo-

900 2541 970 2593 rum,
981 2527 1079 2583 ueritas
1088 2528 1281 2598 exemplorum.
1290 2529 1385 2584 'lotum
1399 2529 1522 2601 legimus,
1531 2540 1615 2588 totum
1626 2546 1689 2589 cre·

899 2616 1071 2684 damusfflPer
1083 2634 1177 2674 manns
1192 2619 1387 2690 impositionem
1410 2621 1598 2692 Apostolomm
1609 2623 1688 2681 datus

900 2716 942 2765 est
965 2709 1054 2765 multis
1067 2708 1182 2780 Spiritus
1196 2720 1303 2768 sanctus
1318 2730 1325 2764 ε
1342 2714 1389 2768 sed
1411 2729 1459 2783 per
1479 2730 1547 2786 quos
1563 2716 1688 2784 dabatur,

900 2807 1068 2895 acceperant0.
1081 2799 1193 2871 erando
1207 2802 1383 2873 acceperant?
1396 2803 1508 2874 Quando
1520 2804 1546 2859 in
1560 2821 1614 2861 uno
1624 2822 1690 2863 con·

901 2889 969 2945 clari
991 2897 1097 2947 centum
1120 2891 1212 2962 riqinti
1235 2891 1356 2947 homines
1377 2902 1455 2949 erant
1478 2912 1485 2950 ε
1507 2896 1690 2968 unusquisqne

901 2997 994 3037 eurum
1007 2981 1110 3050 orabat,
1127 2983 1342 3052 nulluspmannm
1360 2982 1530 3055 imponebat;
1552 2986 1691 3065 orantibus

902 3077 1066 3147 superuenit,
1077 3086 1186 3133 orantes
1197 3077 1327 3150 impleuit,
1338 3079 1460 3151 impletos
1469 3082 1605 3138 ministros
1616 3082 1691 3151 lecit,

902 3176 929 3222 ot
943 3181 991 3238 per
1011 3166 1083 3238 ipsos
1107 3181 1185 3223 suum
1206 3166 1289 3224 dedit.
1313 3167 1408 3225 Adhuc
1430 3171 1529 3227 audite.
1552 3172 1693 3246 Philippus

902 3261 1075 3332 euangelista,
1090 3261 1135 3332 qui
1151 3260 1304 3332 praedicarit
1318 3262 1490 3334 Evangelium
1512 3265 1538 3320 in
1560 3245 1692 3334 Samaria,

903 3364 972 3406 nnrrs
991 3360 1049 3406 erat
1063 3350 1097 3407 de
1120 3361 1223 3422 septem
1243 3351 1416 3408 diaconibus:
1431 3369 1492 3408 nam
1514 3356 1540 3410 in
1553 3357 1694 3414 ministerii

904 3441 1063 3498 necessitate
1076 3440 1217 3498 duodecim
1232 3443 1368 3513 apostolis
1391 3455 1493 3515 septem
1504 3445 1631 3505 diacones
1644 3449 1695 3506 ad·

903 3533 951 3589 diti
965 3541 1059 3600 emnt;
1074 3533 1217 3604 exquibus
1236 3544 1295 3590 erat
1313 3548 1392 3600 unus,
1406 3545 1436 3591 ut
1456 3537 1523 3602 dixi,
1544 3537 1693 3611 Philippus,

903 3625 949 3696 qui
963 3633 1071 3696 propter
1080 3633 1231 3695 promptum
1245 3624 1441 3697 praedicationis
1452 3628 1599 3699 eloquium,
1611 3647 1695 3688 emn-

904 3716 997 3788 gelista
1011 3715 1119 3787 proprie
1132 3715 1229 3772 memit
1243 3716 1380 3787 appellari.
1396 3716 1523 3785 eramris
1537 3735 1631 3778 omnes
1643 3720 1696 3780 lroc

904 3817 1027 3880 aparent;
1052 3807 1113 3882 iste,
1127 3816 1156 3862 ut
1174 3807 1240 3876 dixi,
1256 3808 1282 3863 in
1296 3807 1416 3864 Samaria
1429 3809 1603 3883 Evangeliam
1623 3827 1695 3884 prae·

904 3901 1003 3959 dicarit
1028 3921 1035 3957 :
1059 3901 1232 3958 erediderunt
1255 3902 1330 3958 multi
1353 3902 1381 3958 in
1400 3901 1530 3971 Samaria,
1553 3904 1695 3963 credentes

904 3992 1030 4063 baptizati
1057 4001 1129 4048 sunt.
1147 3992 1183 4050 Ut
1200 4003 1288 4049 autem
1303 3993 1446 4052 audierunt
1466 3996 1597 4066 apostoli,
1613 3998 1695 4055 mise·

905 4095 968 4142 runt
979 4084 1013 4142 ad
1025 4100 1072 4143 eus
1082 4085 1192 4142 Petrum
1206 4092 1234 4142 et
1244 4084 1385 4153 ioannem,
1403 4096 1432 4143 ut
1444 4087 1584 4158 baptizatis
1599 4104 1695 4146 manus

905 4177 1082 4248 imponerent,
1106 4187 1134 4232 et
1151 4176 1191 4233 eis
1215 4191 1310 4232 rnanus
1331 4176 1504 4248 imponendo,
1520 4180 1695 4250 impetrarent

904 4267 1032 4341 Spiritum
1049 4277 1169 4324 sanetum
1190 4268 1355 4324 inuocantes.
1373 4267 1465 4329 Simon
1477 4269 1625 4326 admiratus
1637 4279 1696 4326 tan-

905 4366 959 4415 tam
974 4359 1086 4430 gratiam
1107 4357 1316 4429 Apostolorum,
1343 4359 1482 4429 pecuniam
1508 4359 1574 4415 dare
1599 4361 1694 4428 rotun,

905 4449 980 4520 quasi
992 4448 1066 4516 illud,
1081 4447 1151 4519 quod
1166 4448 1354 4515 invocabatur,
1370 4451 1464 4505 venale
1477 4461 1693 4520 proponeretur:

905 4537 953 4594 sed
968 4538 1091 4608 repulsus
1111 4547 1163 4607 est,
1181 4546 1209 4594 et
1232 4548 1306 4594 tanta
1325 4539 1409 4609 gratia
1430 4540 1553 4613 indignus
1573 4542 1697 4599 inventus

906 4639 957 4685 est.
972 4630 1140 4699 deceperunt
1161 4643 1226 4699 erpo
1246 4628 1283 4683 llli
1299 4629 1427 4699 Spiritum
1441 4641 1563 4688 sanctum
1579 4648 1627 4703 per
1639 4650 1697 4689 ma·

905 4734 957 4775 nus
969 4719 1167 4791 Apostolorum.
1189 4720 1264 4776 Tunc
1284 4735 1349 4791 ergo
1361 4722 1421 4789 quia
1444 4720 1535 4778 Simon
1549 4724 1593 4780 ille
1606 4723 1695 4781 homi·

906 4828 970 4868 num
985 4826 1044 4868 esse
1059 4819 1196 4882 putaverat
1221 4812 1321 4867 donum
1338 4813 1393 4877 Dei,
1420 4829 1455 4868 ne
1480 4814 1550 4884 apud
1576 4816 1697 4874 inllrmus

906 4903 965 4958 trac
990 4901 1105 4973 suspicio
1130 4901 1295 4967 llrmarctur;
1321 4903 1564 4971 pusteaenuuclrus
1587 4908 1695 4976 quidam

906 4994 1036 5051 Candacm
1059 4994 1158 5064 reginae
1176 4995 1300 5050 veniebat
1319 4995 1353 5050 de
1375 4994 1533 5060 Jerusalem,
1554 5013 1606 5069 quo
1629 4999 1695 5057 ierat

907 5095 936 5140 ut
948 5092 1046 5153 oraret,
1062 5093 1090 5140 et
1108 5082 1204 5140 sedens
1216 5084 1242 5140 in
1258 5101 1336 5141 curru
1352 5085 1563 5167 tepebat-isaiam
1579 5088 1696 5158 prophe·

907 5187 972 5234 tam.
993 5176 1069 5234 'lunc
1083 5178 1198 5247 Spiritus
1210 5186 1318 5235 sanctus
1330 5179 1368 5233 ait
1381 5178 1503 5248 Philippo
1518 5189 1547 5233 nt
1556 5180 1697 5236 accederet

908 5269 942 5326 ad
953 5284 1074 5326 currum.
1092 5268 1140 5326 llle
1153 5270 1197 5340 qui
1212 5271 1238 5325 in
1254 5269 1374 5325 Samaria
1394 5271 1585 5340 baptizaverat,
1599 5281 1627 5328 et
1647 5287 1696 5329 ne·

908 5365 973 5421 mini
986 5379 1094 5420 manum
1119 5364 1289 5433 imposuerat,
1313 5373 1340 5420 ct
1365 5364 1500 5434 apostolis
1518 5366 1696 5432 nuntiauerat,

908 5464 937 5511 ut
951 5470 1000 5527 per
1019 5455 1126 5510 illorum
1139 5453 1281 5510 adtentum
1301 5463 1328 5509 et
1338 5460 1436 5509 'manus
1453 5455 1650 5527 impositionem
1663 5457 1697 5514 ab

909 5563 942 5603 co
955 5544 1080 5616 baptizati
1093 5545 1219 5615 Spiritum
1234 5553 1354 5600 sanctum
1379 5545 1502 5614 accipere
1519 5556 1695 5613 mererentur.

910 5637 1013 5696 accedit
1026 5638 1058 5693 ad
1073 5652 1191 5706 currtrm,
1213 5636 1356 5704 interrogat
1372 5637 1528 5692 Errnnelrum
1554 5649 1641 5695 atrum
1657 5640 1699 5695 itr-

1281 5731 1536 5812 (Tronis-neus.)
