3728 6276
109 220 164 281 W
731 217 759 275 S.
779 213 964 275 theostum
980 215 1133 275 nutscoet

111 346 161 400 ret,
174 331 249 390 Pata.
264 330 298 389 tn
311 332 336 389 si
348 331 457 399 dieunt,
472 329 567 397 lutrae,
588 328 640 386 nisi
657 343 705 386 eos
717 338 809 387 nosset
825 329 905 386 adlri-
959 331 1021 404 quia
1034 331 1220 402 latitudinem,
1234 330 1444 405 longitudinem,
1456 333 1654 403 altitudinum

111 425 176 480 bere
188 436 269 494 posse
284 421 398 494 jussioni
411 435 468 478 suae
482 420 657 485 voluntatem,
679 419 738 475 siue
753 434 834 476 eausa
855 418 907 476 hoe
959 421 1090 493 lundam,
1113 431 1229 495 quatuor
1248 424 1298 480 ists
1319 439 1379 494 :pua
1398 423 1464 481 dieit
1481 424 1645 497 Apauolm

111 515 223 570 uerbum
237 513 271 568 de
292 512 350 584 ejus
373 527 422 570 are
445 510 611 583 procederet.
631 509 685 566 Sed
710 525 803 567 rursus
817 509 907 567 seierus
959 513 1073 571 idoneus
1084 528 1142 570 sum
1155 514 1197 569 rel
1212 514 1440 587 comprehendere
1452 515 1496 571 rel
1509 515 1632 587 prolerre
1636 512 1652 581 ,'

112 609 171 664 siue
185 606 232 662 Dei
243 605 374 677 adjutorio
387 605 518 660 iulrrmam
530 618 591 661 esse
602 602 718 658 hominis
729 602 905 669 uoluntatem,
960 603 1005 660 ibo
1017 604 1051 660 ub
1061 603 1129 660 hoe?
1142 605 1183 660 Au
1197 604 1267 661 lorte
1277 605 1398 676 pultabo,
1412 616 1441 663 et
1452 615 1483 663 ut
1495 606 1575 663 vonis
1584 604 1654 665 sold

111 717 165 756 uon
180 700 266 756 sulum
281 713 314 754 ue
323 697 455 764 direrent,
469 696 619 753 voluntatis
632 696 772 752 arbitrium
789 710 843 751 nou
857 693 906 749 hu·
959 695 1022 767 quid
1036 695 1189 769 proleram,
1215 697 1314 754 uestris
1323 697 1489 755 orationibus
1505 697 1653 769 aiij

111 791 217 855 iremus,
230 789 307 856 dixit,
323 787 405 855 Peto‚·
418 803 510 843 rerum
524 787 604 843 etiam
618 803 652 843 ne
663 787 794 852 dicerem,
804 785 906 841 Volau-
959 788 1049 858 pergis
1068 787 1166 854 corde,
1180 787 1261 844 homo
1272 786 1434 855 christiane,
1448 804 1497 859 per
1509 787 1654 847 latitudln

112 881 176 937 tatis
201 880 340 937 arbitrium
366 877 467 935 sullieit
487 877 573 945 nubis,
594 876 682 934 videte
703 876 767 948 quid
782 875 905 932 addidit:
960 895 1014 945 rae,
1027 878 1217 951 longitudinem
1231 888 1398 951 temporum,
1416 876 1654 943 altitudinemrd

111 973 200 1044 lituus
213 973 249 1027 rei
270 971 363 1043 gratia.
387 969 469 1040 Cujus
486 969 526 1026 rei
543 969 639 1041 gratia,
662 969 712 1024 uisi
734 983 813 1039 quam
826 982 906 1039 supra
958 966 1116 1026 londinum
1140 968 1248 1042 abyssi?
1271 968 1383 1038 Quando
1410 969 1462 1026 isto
1484 952 1654 1041 eomprehertl

111 1065 226 1130 dixerat,
241 1063 305 1119 Peto
323 1080 373 1119 non
390 1063 516 1134 infirmari
533 1062 561 1118 in
574 1061 775 1118 totatattoottor
785 1060 846 1116 oreis
858 1075 906 1132 pro
958 1069 1049 1119 mente
1064 1063 1107 1119 tel
1118 1063 1248 1134 corpure?
1270 1062 1322 1120 hoe
1334 1072 1392 1132 est,
1404 1063 1461 1119 sire
1472 1060 1654 1134 mgitartdutlt

110 1157 258 1228 aeliam
272 1164 308 1211 eat
326 1155 407 1227 gloria
425 1154 527 1210 antra?
540 1153 608 1223 Quia
625 1167 690 1225 ergo
703 1151 845 1209 uoluntatis
855 1149 905 1205 ha-
959 1154 1001 1210 uis
1024 1155 1110 1210 oeulis
1140 1154 1285 1223 iutueudo,
1318 1153 1426 1225 quando
1451 1154 1502 1210 istu
1528 1152 1654 1227 oompd

111 1250 181 1306 betis
190 1248 340 1314 arbitrium,
359 1246 431 1303 Peto.
446 1247 513 1317 Quia
527 1261 591 1303 tero
604 1246 681 1302 rubis
694 1243 838 1301 uolonum
851 1260 905 1300 nou
958 1243 1047 1317 lpsum
1057 1245 1119 1302 audi
1131 1247 1287 1317 Apostolum
1302 1246 1434 1303 dicentem
1446 1245 1494 1301 tihi
1507 1260 1517 1301 z
1533 1243 1601 1301 Atti
1613 1240 1654 1305 αι’

112 1341 210 1398 sullleit
218 1341 356 1397 arbitrium
366 1339 399 1396 nd
412 1337 577 1412 implendum
591 1337 664 1410 qrtod
676 1349 747 1409 peto,
765 1336 851 1412 llujar
868 1339 906 1392 rei
957 1340 991 1393 sit
1008 1337 1129 1410 gloriari,
1150 1338 1200 1394 uisi
1214 1340 1241 1394 in
1262 1354 1336 1394 eruce
1348 1335 1454 1392 llandni
1475 1337 1556 1391 nostri
1572 1330 1646 1393 la:

112 1434 194 1505 gratia
207 1433 282 1504 plecta
300 1447 451 1504 gerraamea
465 1431 500 1486 ad
512 1429 616 1486 Patrem
630 1429 734 1485 Dnutirn‘
749 1430 828 1485 nostri
842 1427 906 1485 lara
959 1425 1060 1498 (Galat.
1076 1442 1113 1493 nt,
1137 1427 1194 1499 ll).
1216 1427 1250 1483 Ει
1264 1442 1314 1483 uos
1346 1427 1372 1483 io
1394 1427 1439 1483 illa
1460 1426 1654 1498 gloriemnm

113 1525 217 1595 Christi,
226 1541 258 1581 ea
270 1540 319 1596 qna
336 1525 417 1580 omnir
436 1522 573 1596 paterniter
582 1523 608 1578 in
623 1523 686 1579 eoelo
698 1532 722 1578 et
739 1523 766 1578 in
781 1533 847 1578 tarra
861 1539 907 1578 no-
958 1532 1039 1589 super
1051 1517 1122 1575 illam
1142 1519 1330 1576 incumbimus.
1352 1519 1382 1577 ln
1394 1519 1440 1575 illa
1452 1519 1601 1592 gloriemur
1610 1532 1654 1581 u

112 1615 235 1671 adnatar.
250 1614 285 1671 tn
296 1614 337 1669 det
356 1615 435 1670 nabla
453 1613 534 1683 Quid,
555 1614 598 1668 det
617 1613 705 1669 nohis?
720 1611 798 1681 Quod
816 1620 907 1684 petua
958 1610 1021 1667 boui
1043 1610 1158 1679 fratres,
1173 1613 1199 1667 iu
1213 1611 1256 1667 illu
1269 1611 1424 1684 gloriemur.
1450 1610 1489 1668 lbi
1502 1609 1576 1669 lorta
1589 1610 1654 1669 im

111 1705 200 1775 robis,
222 1720 287 1776 rogo
311 1705 357 1762 det
378 1703 464 1761 uubis.
488 1704 554 1760 Peto
575 1704 648 1760 enim
666 1718 683 1759 a
698 1703 784 1772 nubis,
798 1713 907 1777 propter
958 1713 986 1760 et
1005 1703 1187 1767 latitudinem,
1202 1714 1231 1762 et
1253 1705 1463 1778 longitudinem,
1484 1714 1515 1761 et
1525 1702 1654 1767 altitadln

112 1795 252 1852 arbitrium
271 1795 415 1852 voluntatis
428 1813 435 1850 ι
450 1809 515 1867 rogo
535 1794 581 1852 det
602 1793 688 1859 vobis,
705 1803 814 1866 propter
832 1795 907 1850 auxi·
958 1795 1130 1868 protundum.
1147 1797 1193 1854 llis
1214 1799 1286 1854 errirn
1300 1799 1422 1870 Apostoli
1445 1797 1538 1855 uerbis
1551 1812 1654 1873 erun]

113 1886 179 1943 lium
191 1886 348 1957 maiestatis.
958 1887 1040 1944 modo
1054 1888 1131 1945 nobis
1144 1898 1207 1945 ante
1218 1888 1312 1944 oeulos
1321 1889 1464 1945 aorrstituta
1474 1897 1527 1946 est
1538 1888 1654 1949 mbos

149 1979 261 2037 CAPUT
280 1978 312 2035 tt.
325 2009 361 2021 -
375 1977 440 2034 uA
457 1977 509 2034 Deo
523 1979 615 2050 petitur
628 1979 677 2034 lroe
693 1979 776 2050 ipram
795 1977 907 2050 guedel
959 1979 1098 2035 titudinem
1110 2020 1118 2047 ,
1132 1981 1159 2035 in
1173 1995 1225 2051 qua
1246 1979 1490 2052 munusllguntur:
1508 1979 1595 2037 *hahet
1611 1980 1654 2051 ln

113 2075 214 2129 bonane
240 2072 359 2145 eaigitnr.
385 2070 439 2128 Sed
465 2070 585 2141 Apostoli
611 2071 691 2127 rerba
718 2070 905 2141 praevenimini.
959 2084 1031 2138 nent,
1045 2069 1115 2142 quud
1129 2070 1191 2127 iude
1201 2086 1285 2143 usque
1297 2070 1330 2126 ad
1344 2080 1443 2127 terram
1455 2071 1565 2128 ducitur
1574 2072 1654 2145 liga!

112 2169 209 2226 Adhue
230 2167 343 2223 lurtasse
362 2165 523 2236 exspectatis
543 2163 647 2231 audire,
659 2163 705 2234 qui
720 2170 820 2220 textum
833 2160 906 2233 ejus·
959 2163 1046 2220 belet
1064 2164 1250 2231 altitudinem,
1273 2164 1344 2236 quod
1359 2166 1394 2222 ab
1407 2166 1466 2235 ipso
1478 2170 1651 2233 oausam,

112 2261 173 2317 dem
184 2257 306 2315 lectionis
318 2255 447 2313 memoria
458 2271 511 2312 nou
522 2253 630 2320 tenetis,
640 2263 728 2310 utrum
741 2267 834 2310 reuera
847 2252 908 2309 ideo
960 2253 1078 2327 llguntur
1089 2269 1203 2323 manus,
1217 2256 1321 2313 excedit
1344 2255 1528 2327 aliquantum,
1542 2255 1591 2313 uhi
1602 2268 1654 2329 etp

111 2350 258 2423 Apostolus
272 2363 321 2420 pro
338 2347 404 2418 ipsis
416 2345 450 2402 ad
468 2345 574 2401 Putrem
593 2326 681 2416 geuua'
700 2343 801 2412 fleant,
816 2351 845 2399 ut
862 2343 908 2402 det
959 2345 1031 2401 cillxi
1044 2345 1153 2417 ponitur
1167 2362 1174 2399 :
1190 2345 1271 2402 hahet
1286 2354 1314 2402 et
1326 2346 1506 2416 protundum,
1522 2347 1576 2402 hoe
1587 2354 1654 2421 utu

112 2442 165 2499 illis
178 2439 250 2509 quod
262 2439 367 2496 dixerat
381 2439 431 2504 eis.
446 2437 520 2493 Petu.
529 2437 690 2494 Mementote
703 2452 768 2508 ergo
779 2435 844 2509 quid
859 2450 907 2507 pe·
960 2444 1031 2494 terra
1050 2437 1158 2509 ligitur,
1177 2445 1205 2493 et
1216 2453 1269 2494 nou
1284 2438 1399 2495 videtur.
1413 2438 1509 2495 Videte
1522 2452 1650 2512 magau

112 2531 186 2587 tierit
204 2529 239 2585 nh
261 2530 336 2601 ipsis.
359 2527 423 2584 Peto
444 2543 495 2582 nan
516 2527 642 2598 infimiori
656 2527 685 2581 in
705 2526 908 2584 tribulationibus
960 2540 1090 2587 mentum.
1104 2530 1147 2587 Ab
1159 2529 1204 2587 illo
1217 2529 1348 2602 profundo
1360 2530 1434 2604 quod
1447 2545 1501 2587 unu
1513 2530 1602 2601 niden,

112 2624 174 2678 anm
194 2639 240 2694 pro
260 2622 329 2678 aohir
343 2621 415 2677 :hoe
428 2619 462 2676 ub
475 2619 540 2692 ipsis
554 2619 629 2691 petit.
643 2618 722 2675 llodo
741 2618 829 2677 ridete
845 2619 909 2692 quid
961 2631 1016 2678 tum
1027 2623 1099 2694 quod
1108 2621 1194 2680 rides.

112 2717 168 2791 illis
182 2717 266 2786 petit:
283 2713 372 2770 Flecte
385 2730 466 2786 genua
480 2729 536 2768 ntea
548 2711 583 2767 ad
597 2710 701 2767 Patrem
713 2710 816 2767 Dnminl
830 2713 910 2768 nostri
995 2711 1109 2773 CAPUT
1127 2712 1172 2770 ll.
1182 2744 1218 2756 -
1229 2714 1257 2770 l.
1272 2712 1360 2770 Gratia
1374 2713 1495 2780 latitudo,
1510 2712 1645 2787 largitu&

112 2807 176 2865 lesa
190 2807 294 2871 Christi,
307 2816 335 2860 ut
354 2806 396 2861 rtet
413 2804 480 2860 nolis
492 2803 631 2860 noandum
647 2802 747 2859 notun
760 2803 910 2875 gloriam
962 2805 1034 2862 tudo.
1055 2805 1105 2863 Ubi
1115 2821 1180 2878 ergo
1194 2815 1236 2863 est
1249 2805 1378 2862 latitudul
1389 2805 1489 2863 Conler
1502 2814 1529 2862 te
1548 2804 1585 2862 ad
1602 2806 1654 2871 rita

113 2901 204 2955 uirtute
219 2898 385 2954 emrohoran'.
399 2896 468 2967 Quid
481 2904 524 2952 est
535 2895 617 2959 aliud,
635 2896 685 2951 uisi
700 2911 752 2952 nou
765 2897 911 2953 iullroraril
961 2909 1057 2969 resque
1071 2905 1223 2952 sanctorum
1235 2938 1244 2964 ,
1257 2897 1302 2967 qui
1316 2896 1417 2962 dieunt,
1429 2895 1502 2952 Ater
1523 2894 1650 2969 gloriari,

118 2992 216 3049 Virtute
235 2991 403 3055 conahurari,
429 2988 525 3061 iuquit,
549 3004 594 3058 per
617 2987 745 3060 Spiritum
767 2988 832 3060 ejas.
857 2987 910 3046 iste
961 3003 1035 3044 eruce
1043 2986 1146 3044 Dmnini
1155 2987 1235 3043 nostri
1244 2985 1307 3042 dean
1316 2986 1421 3043 Cluen.
1435 2986 1592 3045 Invenimus
1600 2987 1654 3045 itt!

113 3083 229 3156 Spiritus
241 3082 344 3156 gratiae
359 3079 454 3137 Videte
475 3078 538 3151 quid
559 3080 634 3150 petit.
655 3079 711 3135 lloe
729 3096 744 3135 a
758 3080 815 3136 Deo
828 3081 908 3152 petit,
961 3097 1056 3139 eurum
1069 3079 1235 3137 latitudinem
1245 3079 1399 3146 eharitatis3
1411 3078 1480 3136 uude
1491 3080 1552 3138 illus
1564 3078 1654 3153 adnuat

113 3175 184 3250 quod
198 3175 234 3232 ab
256 3172 408 3231 bominibus
427 3172 528 3250 exigit:
544 3171 605 3243 quio
624 3180 654 3227 ut
673 3171 745 3227 lleus
758 3170 821 3227 velit
832 3170 909 3242 dare,
960 3173 1123 3244 Apostolus,
1136 3172 1246 3238 dicens,
1258 3171 1422 3240 dilatamini,
1435 3172 1654 3245 uenitirg'agud

114 3269 197 3326 debes
216 3275 244 3325 et
262 3275 291 3322 tu
312 3265 347 3321 ad
368 3262 552 3336 aecipieudum
572 3261 776 3318 accommodare
789 3262 911 3319 volunta·
961 3265 1181 3338 anminllrlelihar.
1196 3265 1229 3321 Et
1240 3266 1301 3336 quia
1312 3265 1368 3336 ipse
1382 3265 1450 3321 latus
1462 3275 1539 3330 erat,
1552 3264 1654 3338 quiens

114 3369 181 3417 tem.
196 3357 335 3429 Quomodo
349 3354 390 3411 ris
404 3357 525 3426 accipere
538 3352 650 3426 gratiam
664 3352 761 3409 diriuae
771 3352 909 3422 bonitatis,
963 3360 1103 3419 titudinem
1122 3358 1327 3425 exhortabatur,
1341 3359 1402 3414 audi
1414 3358 1478 3431 quid
1489 3359 1562 3416 dieat
1574 3376 1583 3413 ε
1597 3356 1654 3416 llas

113 3452 158 3524 qui
180 3450 267 3505 sinum
289 3463 343 3504 ooo
364 3446 452 3518 aperis
470 3443 634 3501 volontatisl
647 3442 704 3509 liet,
725 3442 909 3514 inquinnalis.
962 3461 1030 3525 parer
1052 3451 1086 3507 ort
1103 3467 1165 3519 sos,
1178 3468 1193 3507 o
1205 3451 1350 3519 conatui&
1363 3466 1407 3505 ror
1427 3458 1542 3505 aaaron
1562 3450 1654 3521 ἀίω

113 3541 171 3599 Νοη
203 3539 276 3597 enim
302 3537 417 3602 habetis,
439 3535 490 3592 nisl
512 3534 559 3591 det
571 3533 658 3590 vobis.
675 3533 722 3588 det
740 3534 912 3589 nannenten
962 3544 996 3615 (n
1011 3542 1069 3598 σος,
1091 3558 1128 3611 ῃ,
1142 3540 1246 3613 Μ),
1262 3540 1386 3596 gargano
1400 3554 1464 3611 ergo
1475 3539 1596 3596 curarim
1616 3546 1654 3597 ῃ

113 3631 272 3688 aanahorari
292 3646 337 3700 per
351 3628 477 3700 Spiritum
495 3629 561 3699 ejas.
583 3623 612 3681 Si
631 3624 703 3682 euim
718 3622 823 3680 dederit
834 3625 910 3680 tobis
961 3631 1497 3708 501„beneopemuf,1,autrudotactgur
1511 3630 1654 3691 himma

112 3725 211 3780 villule
222 3719 400 3786 aumohurari,
414 3717 452 3774 llll
464 3717 538 3773 dabll
548 3716 625 3774 vohis
643 3731 696 3772 noll
717 3715 857 3772 iulrrmari.
875 3714 910 3772 Iit
961 3728 1053 3801 diligat
1061 3726 1131 3784 Deus
1141 3725 1198 3785 (ld,
1212 3741 1253 3795 ιχ,
1266 3725 1303 3796 7),
1316 3724 1344 3781 Si
1351 3724 1422 3780 enim
1434 3724 1585 3796 anfflpsliam
1595 3736 1654 3796 μ

112 3814 340 3876 tormentorum
352 3813 361 3845 ¹
374 3810 486 3866 talium
500 3808 627 3865 Clusium
642 3825 686 3880 nr
701 3807 816 3878 meon
828 3807 912 3863 corle
962 3822 1014 3888 ru,
1038 3819 1120 3876 orsos
1135 3818 1209 3876 raon
1223 3836 1229 3873 :
1244 3817 1268 3874 su
1282 3816 1366 3873 trusos
1378 3815 1468 3883 tauro,
1488 3816 1559 3889 peut
1577 3814 1648 3889 qut

115 3908 161 3964 has
172 3906 271 3962 ratris.
283 3905 379 3961 Totum
398 3903 450 3958 hoe
467 3900 609 3957 detrahis
625 3898 658 3955 ln
671 3900 793 3956 ehmdate
803 3898 912 3955 radianti
962 3912 1035 3984 opus
1048 3919 1090 3968 egr
1108 3925 1172 3982 ergo
1185 3907 1326 3966 latitudine
1346 3907 1503 3973 chariratis,
1519 3923 1554 3965 ne
1574 3914 1654 3979 pm

112 4008 138 4054 et
151 3998 263 4071 laudati,
276 4006 304 4051 at
324 3994 481 4066 moeaaleatir
499 3992 709 4063 carttprelrendere
725 4008 783 4047 cant
795 3992 911 4049 nonnitus
962 4003 1097 4077 quidboni
1116 4001 1191 4058 tacis.
1205 4000 1258 4058 Sed
1270 4000 1395 4073 quostiam
1407 4001 1445 4056 ait
1458 4000 1598 4057 Dominum,
1614 3996 1654 4059 Q&

112 4088 215 4144 narratis.
228 4085 297 4155 Quid
311 4081 559 4156 eorrtpreheuderel
572 4082 621 4138 het
633 4081 708 4138 robis
723 4096 770 4149 per
783 4080 909 4154 Spiritum
962 4095 1033 4150 doute
1045 4093 1182 4165 inlaturus,
1195 4091 1339 4164 refrigescet
1349 4090 1460 4145 charites
1472 4087 1654 4157 mmmm

116 4194 195 4239 suum
205 4178 303 4233 virtute
316 4174 496 4240 corroborari,
511 4182 538 4228 et
550 4172 672 4230 hahitare
685 4173 712 4228 in
725 4173 852 4230 interiore
865 4175 910 4229 bo
962 4200 990 4247 eg
1002 4186 1206 4260 longitudinem.
1221 4185 1287 4255 Quae
1305 4192 1347 4241 est
1370 4181 1527 4254 toogturdot
1549 4183 1600 4251 Qui
1612 4196 1654 4256 pm

114 4273 188 4329 mine
201 4279 291 4327 nestro
311 4267 447 4326 Christum
461 4282 509 4338 per
524 4265 615 4332 iidem,
635 4275 716 4337 atque
728 4264 765 4321 itu
779 4267 807 4323 in
820 4266 911 4322 churi-
961 4282 1023 4336 „pm
1035 4295 1115 4353 „que
1125 4278 1152 4333 p,
1165 4277 1259 4349 finem,
1282 4275 1323 4330 nto
1335 4274 1420 4330 mrsu
1433 4273 1479 4329 ab
1495 4271 1602 4348 (naum,
1611 4286 1654 4345 xpp

114 4375 169 4423 tute
188 4364 299 4421 radicati
316 4375 344 4419 et
361 4362 465 4444 lundati
483 4361 591 4432 possitis
604 4359 832 4431 comprehendere
848 4375 909 4417 cum
962 4373 1018 4445 15),
1033 4371 1096 4429 flaec
1110 4378 1152 4427 esu
1165 4367 1301 4441 longitudo
1313 4364 1412 4432 erucis,
1426 4365 1470 4420 rubi
1481 4372 1566 4421 totum
1580 4376 1654 4437 oorpg

112 4458 238 4517 ⁰m¹¹lb¹¹⁸
257 4455 357 4512 11111111
378 4470 385 4509 ²
405 4453 488 4526 llll?
504 4453 569 4522 01111
588 4454 622 4509 ⁸⁵¹
634 4453 752 4521 latitudo,
766 4453 908 4526 l⁰¹¹95lll⁰t
961 4464 1076 4535 rigitur:
1093 4462 1136 4519 ubi
1149 4459 1264 4534 quodam
1276 4458 1355 4515 modo
1368 4466 1469 4524 statur,
1483 4472 1539 4529 quo
1552 4452 1652 4523 strada,

111 4549 220 4608 altitudo
232 4558 257 4604 et
268 4547 433 4621 moguntium.
448 4544 570 4603 Altitudo
587 4543 695 4616 quidem
709 4545 737 4601 io
758 4544 838 4600 latioa
855 4544 908 4600 liu·
961 4565 1078 4612 vemmf,
1092 4553 1120 4611 st
1134 4568 1198 4626 orgo
1211 4551 1329 4624 quaeris,
1352 4550 1398 4621 qui
1411 4549 1438 4604 iu
1453 4563 1535 4609 eruee
1553 4544 1654 4623 glutiat}

114 4658 166 4716 gua
178 4650 321 4712 utrumque
335 4638 466 4711 signifieat
482 4654 489 4692 :
504 4645 533 4693 et
543 4634 614 4707 qrrod
628 4649 734 4690 sursum
748 4648 843 4691 uersus
856 4644 907 4701 est,
960 4652 1025 4709 gere
1036 4650 1123 4706 emer,
1135 4646 1321 4711 latitudinem
1335 4642 1433 4700 habero
1444 4642 1517 4699 bone
1528 4636 1654 4719 operosa·

111 4734 259 4794 altitudinis
272 4731 479 4797 nomentanum
493 4739 521 4787 et
534 4728 605 4800 quud
619 4726 908 4800 inproluudumaltum
962 4755 1026 4800 gem,
1054 4741 1082 4798 st
1107 4740 1148 4796 ogs
1173 4739 1274 4795 uapore
1303 4736 1390 4792 eroon
1418 4733 1631 4806 longitudinem
1651 4726 1654 4785 i

112 4839 166 4897 est,
193 4826 342 4884 altitudinis
367 4839 465 4881 nouren
489 4821 580 4878 babet.
603 4820 666 4879 ldeo
684 4820 753 4877 bene
773 4821 909 4892 respondit
960 4830 1148 4905 perseverandi
1170 4828 1408 4901 longanimitatem.
1436 4823 1572 4880 Stantem
1591 4816 1654 4887 νὴ]

111 4924 246 4993 interpres
258 4919 293 4977 ad
313 4918 340 4975 id
359 4918 431 4991 quood
452 4930 559 4971 sursum
576 4914 659 4971 altum
677 4923 729 4981 est,
742 4913 908 4970 altitudinem
960 4920 1241 4986 monsuetudinem
1258 4933 1339 4974 nusae
1350 4915 1412 4987 quid
1425 4912 1538 4981 audias,
1550 4911 1654 4971 etuldt

110 5015 218 5079 elicere:
233 5013 266 5069 ad
278 5011 342 5069 illud
356 5011 429 5083 quad
441 5009 567 5067 deorsum
583 5007 668 5064 altum
679 5014 732 5074 est,
748 5005 908 5078 protundum
960 5018 1073 5074 smum
1087 5031 1144 5072 cor,
1157 5011 1225 5084 Quid
1246 5020 1304 5078 esu,
1326 5010 1438 5068 sorsum
1453 5007 1520 5063 eorl
1539 5006 1576 5061 tbi
1597 5016 1654 5079 ap·

110 5107 210 5161 dicere.
959 5126 1019 5166 uma
1035 5127 1043 5164 t
1059 5108 1122 5165 iude
1135 5116 1196 5179 pete
1214 5105 1359 5172 uirtutem,
1384 5100 1420 5157 ibi
1443 5108 1570 5171 exspecta
1592 5108 1654 5172 nug

147 5196 261 5256 CAPUT
280 5195 325 5252 ΙΙΙ·
337 5225 373 5237 ·-
384 5195 413 5251 5·
434 5192 468 5249 111
480 5202 590 5266 4111111101
599 5191 797 5249 11ῑ1111111ῖο11ῐθ111
813 5201 908 5264 wollt·
959 5202 1025 5258 liam
1040 5201 1062 5256 si
1075 5201 1143 5256 bene
1156 5196 1286 5271 operaris,
1301 5204 1329 5251 et
1344 5192 1463 5248 hilariter
1474 5191 1581 5257 tribuis,
1595 5184 1654 5255 rifi

110 5293 176 5346 nun
191 5287 366 5356 cruciatui!
380 5293 515 5358 esterno.
531 5284 626 5340 intres
639 5283 843 5352 ueternum
857 5281 908 5338 ¹¹00
959 5294 1024 5350 uero
1037 5291 1213 5348 latitudinem.
1235 5284 1413 5347 sitanstetn
1428 5281 1505 5339 soon
1526 5280 1654 5353 opertus

113 5398 163 5453 ugo
177 5381 263 5438 nohis.
277 5380 394 5437 Facilius
411 5378 478 5434 lorte
491 5376 514 5434 si
523 5376 646 5448 cuiquam
660 5375 711 5444 sit,
722 5374 785 5446 quid
798 5375 907 5447 ergo¹l
958 5386 986 5441 ῑῃ
1000 5384 1080 5441 finem
1095 5380 1321 5454 mensuraveris,
1333 5374 1541 5432 rmerisbabero
1552 5370 1654 5446 longit!

145 5498 228 5556 tion,
239 5508 265 5546 m
275 5499 413 5546 monerem
423 5491 548 5545 homnem
561 5498 589 5541 ut
599 5495 693 5540 amm.
706 5488 907 5552 murmuriosa·
957 5477 1010 5534 Sed
1023 5477 1046 5532 si
1066 5474 1155 5532 omnia
1170 5473 1229 5529 hae
1242 5486 1293 5526 uon
1314 5478 1581 5540 proptersuperuam
1604 5478 1654 5527 ιιι

111 5557 298 5617 'lm'el'm'ffml
310 5556 443 5616 ⁰²⁸¹⁰¹²⁸¹
452 5553 766 5618 ‘⁰¹⁰¹Wudlul3ffiunum·
892 5613 898 5624 .
962 5565 1222 5637 lauis,altitudinem
1235 5577 1288 5618 uon
1302 5560 1429 5626 habebis;
1452 5568 1481 5614 et
1492 5557 1538 5614 ilhr
1551 5558 1610 5632 jam
1630 5572 1654 5615 ιιι

113 5620 371 5746 mlumfllrillrlnmffilsi
381 5614 907 5759 ffimflllfitlrearuleslg'trlwacffim[mem
959 5663 1023 5723 tudo
1036 5661 1088 5717 orit
1101 5674 1152 5717 uec
1168 5654 1313 5727 longitudo.
1327 5652 1396 5723 Quid
1416 5660 1458 5709 est
1478 5651 1554 5709 euim
1575 5650 1654 5711 tato
