3750 6270
666 165 778 226 SERMO
795 164 935 225 lxxiiii.
1564 185 1617 246 5¹3

102 281 203 348 ubam,
216 292 245 340 ει
260 281 334 340 seuit
348 269 434 353 'usque
448 280 481 340 sd
493 280 592 353 ioseph
601 279 784 338 descendendo
835 294 881 336 eas
894 281 928 337 ad
941 283 1121 340 undenarium.
1141 285 1170 342 ln
1183 286 1240 361 lege
1258 298 1346 348 autem
1362 293 1456 351 modus
1469 294 1536 353 isus
1549 308 1592 358 εει
1605 316 1614 357 r

102 393 115 432 t.
127 391 155 443 r,
168 374 241 449 s-is)
256 393 264 429 :
277 375 362 431 Lucas
374 384 461 431 antem
471 373 637 431 ascendendo
648 374 728 443 coepit
741 387 786 426 nn
836 373 1009 442 transgressio
1030 384 1116 432 summ
1131 388 1266 450 peccatum
1281 392 1331 438 εει.
1346 383 1405 441 iam
1423 385 1469 442 ubi
1480 395 1614 462 transgre-

102 478 124 521 ε.
146 463 234 532 onus
254 463 299 521 ille
318 463 517 531 descendendo,
537 462 582 518 illc
600 460 785 518 ascendendol
837 460 908 516 deris
920 461 1066 531 denarium,
1082 466 1114 522 ad
1127 466 1300 526 undenarium
1310 476 1394 530 renis.
1409 475 1484 532 Adeo
1491 492 1627 550 magnum,

102 554 234 613 botana
254 555 448 627 generationem
461 555 557 611 Christi
576 554 784 622 commendabat,
835 555 988 626 mysterium
1004 555 1140 628 iigumum
1160 569 1211 621 est.
1232 563 1335 634 qurando
1348 564 1450 635 iussrrm
1467 577 1509 626 est
1530 569 1617 628 taber-

102 647 216 705 rsceudit
232 648 265 704 ad
278 663 347 715 uos;
370 647 431 705 ideo
443 647 548 719 quaudo
558 658 634 703 natus
652 657 693 703 est
709 646 786 703 Cirri-
836 645 958 701 naculum
977 646 1107 705 fabricari.
1123 650 1201 707 iiulta
1215 654 1250 709 ibi
1267 671 1405 713 numerosa
1419 657 1488 716 dicta
1503 672 1574 730 suut,
1589 665 1613 720 in

102 739 518 812 sepituumeraredescendendo.
532 741 616 796 Lucas
627 748 713 794 autern
726 739 786 809 quia
836 747 932 807 magno
947 748 1120 795 sacramento.
1142 741 1213 799 lntcr
1230 754 1325 801 caetera
1344 748 1400 804 sela
1422 750 1524 806 cilicina
1540 752 1615 824 jussa

102 832 166 904 mpit
172 846 323 901 numerare,
337 831 441 903 quaudo
450 831 595 901 baptisatus
604 841 644 886 est
653 829 785 896 Gbristus3
836 834 898 880 sunt
910 827 976 895 ieri,
992 844 1045 885 uon
1056 829 1158 896 decem,
1172 833 1219 889 sed
1229 836 1350 893 undecim
1363 837 1459 912 (Esod.
1474 857 1546 907 xsrr,
1562 845 1589 916 7)
1609 863 1616 900 :

110 922 213 981 initium
222 925 384 982 ascensionis
396 941 403 978 :
417 925 467 981 iste
476 923 788 981 ascendendonumcrarc
837 917 897 987 quia
917 934 965 990 per
984 921 1097 977 cilicium
1118 926 1264 981 ostenditur
1285 929 1416 988 confessio
1436 946 1612 1005 peccatorum.

112 1014 279 1072 numerando
292 1024 380 1071 autem
394 1015 536 1086 complevit
553 1013 733 1085 generationes
742 1025 786 1066 se·
838 1005 904 1075 Quid
916 1017 1002 1065 autem
1014 1013 1126 1084 amplius
1135 1016 1249 1085 queris?
1258 1017 1304 1074 liis
1315 1034 1392 1077 nosse
1406 1025 1494 1079 omnia
1507 1038 1614 1097 peccata

102 1113 143 1159 ets
155 1113 266 1174 septem.
280 1104 366 1175 siquo
376 1104 549 1160 numerabat?
561 1102 689 1158 intendite
700 1117 714 1157 a
724 1117 786 1173 quo.
837 1099 964 1155 contineri
977 1117 1087 1158 numero
1101 1104 1151 1162 isto
1169 1111 1360 1180 septuagesimo
1376 1115 1506 1184 septimo?
1518 1117 1614 1189 Septu-

102 1210 129 1252 ιι
149 1204 190 1252 εει
212 1211 352 1252 numerare
369 1213 385 1251 a
405 1195 509 1252 cbristo
523 1198 532 1229 ¹
547 1211 630 1266 usque
648 1194 680 1251 ad
701 1195 788 1273 ipsum
838 1189 909 1257 plum
932 1192 999 1247 solet
1022 1209 1069 1263 pro
1093 1203 1148 1251 toto
1170 1202 1315 1269 computari
1337 1219 1344 1254 ε
1367 1206 1489 1274 quoniam
1512 1218 1613 1280 septem

102 1327 107 1352 ‚
126 1286 173 1358 qui
188 1287 289 1358 primus
302 1288 429 1358 peccarit,
440 1297 467 1344 et
480 1303 528 1343 nos
540 1304 599 1343 eum
609 1287 709 1357 peceati
719 1285 786 1341 obli·
837 1278 930 1337 diebus
942 1284 1058 1340 volvitur
1072 1296 1184 1357 tempus,
1203 1300 1230 1345 et
1252 1292 1325 1348 linito
1343 1297 1502 1363 septenario,
1523 1315 1615 1358 rursus

102 1377 267 1448 egsueratit.
279 1376 491 1450 Peruenitusque
503 1377 536 1433 ad
546 1377 641 1444 Adam,
655 1383 682 1431 ct
696 1390 788 1431 nume-
837 1370 870 1424 ad
881 1381 959 1440 caput
972 1374 1081 1442 reditur,
1094 1386 1125 1433 ut
1136 1378 1228 1434 eadem
1241 1379 1324 1437 iorma
1336 1384 1456 1441 uoluatur
1468 1388 1488 1440 ¹.
1501 1388 1553 1444 Per
1566 1390 1616 1446 bu·

118 1470 302 1540 mengone,
320 1469 483 1541 ,gpqqngnqq
501 1478 601 1541 ,eptem
618 1486 624 1522 :
640 1467 690 1522 1100
699 1475 786 1531 egga
835 1458 950 1529 jusmodi
972 1463 1062 1520 termae
1084 1469 1260 1526 resolutiones
1281 1473 1376 1528 seculo
1403 1484 1539 1534 transeunt
1563 1496 1572 1536 s
1597 1495 1614 1537 a

102 1571 209 1630 nosque
228 1559 261 1614 ad
280 1559 381 1628 Adam,
400 1573 465 1631 quas
488 1559 601 1615 diximus
623 1558 787 1631 septuaginta
837 1555 1082 1621 septenariotamcn
1096 1574 1206 1615 numero
1220 1577 1273 1617 nou
1284 1564 1423 1622 receditur.
1436 1567 1529 1625 onmia
1543 1571 1613 1628 enim

102 1663 127 1716 s;
148 1657 175 1704 et
186 1649 219 1704 ab
235 1648 316 1704 lldam
336 1649 464 1720 usquead
477 1649 609 1706 Christum
624 1650 787 1721 septuaginta
837 1652 943 1714 peccatu
961 1645 1036 1712 dixit,
1050 1648 1154 1719 quartdo
1174 1655 1311 1724 septuagies
1330 1658 1420 1726 septies
1438 1658 1505 1715 dixit
1524 1679 1531 1716 :
1551 1667 1613 1734 quia

102 1737 233 1810 s.Siergo
245 1739 315 1795 nulla
324 1739 459 1810 generatio
469 1740 642 1810 praetermissa
654 1747 704 1807 est,
716 1740 786 1795 nulla
837 1732 899 1789 illud
921 1735 1041 1793 undecim
1062 1738 1113 1794 duc
1130 1742 1236 1811 septies,
1254 1743 1320 1800 [lunt
1340 1749 1486 1820 septuagies
1504 1753 1611 1822 septies.

102 1831 264 1903 praeteritur,
283 1832 326 1888 ubi
340 1847 391 1887 non
403 1831 499 1888 debeat
518 1831 626 1903 ignosci.
643 1830 709 1887 llam
727 1830 787 1886 idco
836 1825 928 1882 omnia
944 1822 1013 1901 ergo'
1020 1830 1116 1888 dimitti
1135 1844 1239 1902 peccata
1254 1837 1349 1901 voluit,
1363 1839 1407 1909 qui
1426 1855 1457 1895 ea
1474 1851 1613 1915 septuage-

111 1923 277 1996 septuagiuta
298 1933 398 1993 septem
415 1924 596 1995 generationes
613 1923 785 1989 enumerarit,
835 1919 904 1974 simo
922 1921 1034 1989 septimo
1051 1938 1162 1979 numero
1183 1927 1357 1996 praesignarit.
1378 1928 1461 1986 Nemo
1479 1943 1568 1990 cointra
1583 1950 1613 1992 se

102 2029 241 2070 numerum
262 2014 388 2070 Dominus
402 2015 429 2069 iu
446 2022 611 2085 peccatorum
633 2013 787 2071 remissione
836 2015 924 2065 oencat
945 2026 998 2065 non
1021 2012 1190 2094 ignoscendo,
1212 2033 1245 2073 ne
1267 2028 1358 2074 contra
1381 2021 1456 2078 iilum
1481 2033 1611 2095 teneatur,

102 2102 220 2171 sudarit;
233 2105 355 2175 quoniam
368 2105 522 2176 abaptismo
531 2105 611 2174 coepit
620 2117 784 2169 enumerare,
835 2099 938 2170 quando
950 2113 1018 2157 orat.
1031 2103 1098 2160 Dicit
1110 2108 1179 2162 euim
1194 2109 1274 2174 Deus,
1290 2110 1411 2180 Dimitte,
1426 2121 1453 2169 et
1467 2114 1613 2173 dimittetur

102 2195 153 2251 mia
166 2205 271 2266 morata
285 2197 429 2252 solvuntur.
836 2189 893 2245 tibi.
904 2189 956 2247 Sed
967 2208 1016 2264 ego
1025 2196 1097 2265 prior
1109 2197 1195 2254 dimisi
1209 2200 1328 2258 :dimitte
1341 2203 1382 2258 rcl
1395 2213 1495 2274 postea.
1508 2206 1574 2264 Nam
1588 2209 1612 2264 si

102 2288 154 2347 tm·
173 2290 205 2345 v,
227 2321 260 2329 -
282 2291 309 2346 g,
329 2291 385 2343 ,1150
405 2290 487 2362 Qum
509 2290 540 2344 a,
561 2290 655 2344 eodem,
680 2288 786 2344 necato.
835 2296 888 2337 non
901 2282 1047 2353 dimiseris,
1059 2291 1188 2346 reuocabo
1200 2299 1242 2356 te:
1257 2301 1285 2348 ει
1299 2294 1423 2366 quidquid
1441 2296 1487 2353 tibi
1501 2298 1611 2356 dimisc-

102 2380 167 2439 itiu
188 2380 252 2447 boc,
272 2379 381 2447 iratres,
401 2381 486 2436 adbuc
506 2381 615 2450 accipite
637 2394 785 2435 sacramen·
834 2387 900 2439 ram.
914 2376 1046 2445 replicabo
1060 2379 1116 2444 tibi.
1129 2379 1267 2438 Noueniru
1280 2386 1404 2440 mentitur
1420 2386 1536 2454 veritam
1557 2405 1611 2448 non

102 2472 169 2546 qm,
184 2472 214 2529 1„
230 2475 423 2545 gepngggsqmo
441 2474 552 2544 sequmo
566 2489 675 2529 numero
688 2481 785 2546 myggg.
835 2463 903 2518 enim
919 2463 995 2533 saliit,
1006 2475 1050 2521 aut
1061 2467 1295 2539 iailituerristus,
1311 2474 1588 2544 (internectionem
1603 2499 1610 2536 ι

102 2569 134 2618 ιιι
153 2563 317 2619 remissionis
337 2573 513 2633 peccatorum.
532 2562 581 2617 Tot
600 2563 784 2634 generationes
835 2552 879 2608 Sit
891 2565 915 2608 et
926 2553 995 2611 tobit
1007 2557 1081 2627 [ιιίει
1090 2558 1168 2639 Pater
1180 2570 1265 2626 onte,
1279 2565 1322 2634 qsi
1330 2565 1357 2619 in
1369 2567 1437 2623 celis
1449 2575 1494 2622 est.
1507 2568 1611 2627 invenis

102 2651 319 2709 ,armachano
338 2667 419 2724 usque
436 2654 468 2707 aq
481 2653 574 2709 Adam,
590 2653 690 2709 poinde
707 2653 783 2724 panto
834 2644 948 2714 Patrem,
968 2648 1070 2705 imitare
1091 2649 1205 2707 Patrem.
1229 2652 1257 2709 si
1280 2656 1350 2710 enim
1373 2657 1469 2714 imitari
1487 2675 1539 2716 uon
1559 2661 1609 2727 sis,
1713 2643 1716 2652 ¹

103 2744 158 2802 tius
180 2745 311 2816 interroga
333 2746 415 2815 ipsius
433 2747 534 2800 numeri
547 2754 693 2808 secretum,
715 2744 782 2800 late·
833 2736 1021 2797 uberrumi·
1040 2742 1168 2815 disponis,
1183 2743 1268 2800 Faciet
1288 2762 1351 2818 crgo
1369 2749 1405 2803 ito
1424 2751 1501 2818 nobb,
1516 2751 1609 2823 inquit,

102 2837 194 2909 eujus
206 2837 308 2908 inquire
323 2854 330 2890 :
344 2838 418 2907 pulsa
437 2837 596 2908 diligentius,
614 2846 641 2893 ut
653 2839 784 2908 aperiatur
834 2827 912 2886 Pater
932 2843 1011 2887 mter
1026 2834 1147 2900 mestis,
1170 2835 1262 2890 bnon
1284 2838 1425 2894 retruseritis
1443 2843 1612 2915 tremuitque

102 2927 182 2984 ιειιιίε
194 2928 252 2999 lege
262 2927 309 2985 Dei
319 2937 422 2984 constat
436 2944 442 2982 :
455 2944 546 2985 rerum
559 2938 610 2984 est.
623 2927 688 2984 Nam
701 2929 742 2985 ier
754 2929 782 2984 iu
834 2923 939 2992 {simios
950 2923 1036 2979 uestris
1053 2941 1084 2980 ee
1097 2926 1211 2981 cordibus
1223 2928 1318 2984 εειινὶι.
1335 2928 1373 2986 Ne
1385 2930 1456 2987 dieas
1469 2932 1496 2988 iu
1511 2933 1609 3006 lingua,

118 3019 258 3089 proneptis
277 3006 484 3074 commenditus.
516 3019 577 3075 ideo
604 3019 649 3075 ille
669 3018 784 3076 demnas
833 3011 952 3084 ignosco,
966 3023 993 3070 et
1010 3015 1218 3073 cordediiieras.
1234 3018 1395 3091 Supplicium
1408 3024 1478 3079 enim
1496 3025 1612 3083 ostendit

112 3109 195 3165 millia
214 3109 380 3165 talentorum.
404 3109 462 3179 lpse
482 3118 523 3165 est
538 3109 583 3164 ille
605 3109 782 3166 memorabilis
833 3105 880 3160 tibi
894 3105 973 3172 Deus,
986 3107 1110 3165 minando
1124 3109 1276 3166 vindictam.
1289 3110 1366 3168 Novit
1380 3113 1450 3170 Deus
1463 3114 1508 3172 ubi
1526 3115 1609 3174 dieas.

102 3214 151 3271 gus
172 3200 286 3271 scriptos
306 3200 388 3270 digito
407 3199 467 3265 Dei,
490 3199 599 3255 traditus
620 3201 716 3269 populo
735 3215 783 3270 per
833 3196 931 3253 Vocem
946 3207 1016 3255 tuam
1030 3199 1110 3255 bomo
1123 3201 1225 3257 audiuit
1239 3219 1245 3256 :
1259 3203 1444 3261 conscientiam
1455 3214 1527 3262 tuam
1541 3207 1611 3264 Deus

102 3291 250 3348 siamulum
261 3291 316 3347 Dei.
340 3291 529 3362 Debcbatergo
541 3290 686 3347 ittedeeem
701 3291 782 3346 millia
833 3288 947 3359 inspicit.
965 3289 993 3346 Si
1010 3289 1086 3354 dicis,
1105 3292 1230 3356 Dimitto;
1249 3292 1362 3350 dimitte.
1380 3295 1473 3352 idelius
1491 3306 1532 3353 est
1550 3312 1610 3353 eum

102 3395 163 3438 rum
175 3398 184 3435 s
196 3381 282 3437 omnia
292 3392 398 3451 peccata
410 3380 553 3452 signiiimt,
569 3389 676 3451 propter
688 3396 782 3437 uume-
832 3380 930 3435 clamas
943 3394 1006 3446 ore,
1021 3390 1049 3437 et
1059 3381 1168 3438 dimittis
1182 3383 1208 3440 in
1222 3383 1316 3451 corde,
1329 3399 1408 3456 quam
1422 3385 1532 3443 blandus
1546 3402 1610 3456 ore,

102 3470 161 3544 tgis.
192 3472 309 3528 Debebat
329 3480 356 3527 et
374 3472 418 3528 ille
439 3479 545 3528 centum
567 3471 690 3528 denarios
705 3489 713 3527 s
728 3487 781 3527 nou
832 3472 1085 3530 crudelisiucorde.

102 3562 137 3619 rb
147 3563 242 3619 eodem
257 3578 378 3619 numero.
397 3561 463 3618 liam
474 3571 502 3618 ει
518 3563 617 3618 centies
630 3572 736 3617 centum
750 3562 780 3618 iit
866 3563 976 3621 cerui
992 3563 1045 3620 vti.
1056 3595 1090 3605 —
1102 3566 1128 3621 8.
1144 3564 1187 3619 itu
1204 3566 1390 3637 mnoscmdum,
1410 3577 1438 3622 st
1458 3585 1509 3624 ooo
1529 3569 1611 3641 negli-

106 3654 210 3721 mittin
221 3663 249 3711 ct
259 3654 348 3711 decies
361 3653 567 3720 deni,ccutum.
589 3653 623 3709 lit
635 3651 781 3708 illedeccm
831 3664 905 3726 gesur
932 3654 1151 3725 diciplinarum
1173 3671 1236 3729 ergo
1256 3656 1397 3713 obsecrant
1415 3659 1490 3727 pueri
1502 3657 1611 3715 indisci-

102 3748 276 3815 lsleutorum,
291 3756 318 3804 ct
328 3747 372 3803 ilie
387 3746 476 3803 decies
488 3745 571 3801 denos
580 3746 601 3798 ¹.
624 3745 647 3801 Δ
665 3745 781 3817 legitimo
832 3745 932 3815 plinati,
944 3754 972 3802 et
984 3745 1075 3802 nolunt
1083 3747 1218 3818 vapulare,
1229 3748 1275 3819 qui
1285 3747 1323 3804 sic
1334 3748 1508 3819 praescribunt
1519 3748 1605 3816 nobis,

102 3853 199 3895 masere
212 3854 265 3895 uon
285 3853 416 3896 recessum
428 3845 488 3903 est,
510 3839 538 3892 iu
550 3852 602 3908 quo
615 3846 726 3908 utroque
739 3838 782 3893 iu·
831 3837 936 3906 quando
948 3837 1069 3893 volumus
1086 3836 1149 3893 dare
1167 3836 1332 3909 disciplinam
1347 3855 1354 3892 ε
1368 3837 1491 3903 Peeeari,
1504 3838 1610 3908 ignosce

103 3937 219 4000 utraque
231 3939 349 4001 peccam.
369 3929 486 4000 Uterque
499 3928 621 3995 debitor,
635 3938 662 3985 et
672 3938 781 4001 uterque
831 3925 906 3982 mibi.
920 3927 1097 3998 Eeeeiguosi,
1110 3928 1241 3984 etiterum
1251 3938 1352 3998 peccat.
1365 3927 1473 4001 ignosce
1488 3916 1609 4001 signori.

102 4018 293 4092 deploratores
315 4020 467 4091 impetrator
482 4019 710 4077 :sedilieserrus
724 4035 781 4077 ma·
831 4019 925 4076 Peoeat
949 4021 1035 4077 tertio.
1059 4019 1191 4092 ignosce:
1217 4023 1296 4079 tertio
1315 4021 1413 4093 iguoui.
1438 4020 1496 4077 lam
1516 4031 1611 4093 quarto

102 4126 165 4169 rsus
181 4112 308 4184 ingratus,
324 4114 443 4185 iniquus,
460 4113 543 4170 noluit
552 4114 697 4186 rependere
711 4115 780 4186 quod
831 4109 946 4181 vapulet.
960 4109 995 4167 Et
1007 4110 1052 4166 ille
1067 4127 1074 4165 ι
1090 4109 1221 4182 Numquid
1235 4112 1384 4183 septuagies
1396 4106 1493 4182 septies
1506 4120 1533 4167 te
1548 4109 1610 4167 lati·

102 4236 121 4268 .,
152 4201 234 4257 uoluit
255 4211 380 4275 praestare
400 4202 471 4274 quod
493 4203 531 4260 illi
549 4203 657 4276 indiguo
678 4204 781 4274 prasti-
830 4204 910 4276 gasit
923 4202 1014 4261 Sibac
1030 4202 1228 4275 praescriptione
1241 4204 1367 4259 severitas
1384 4201 1528 4273 disciplina
1546 4202 1610 4259 dor·

102 4291 132 4348 it.
830 4297 910 4363 mist,
930 4309 1051 4366 repressa
1075 4295 1212 4366 disciplina
1235 4294 1311 4350 saeuit
1332 4294 1459 4364 impunita
1482 4292 1609 4364 nequitia.

102 4381 151 4441 itu
174 4382 267 4440 it-
285 4385 310 4440 7.
337 4385 527 4459 Septssqssimo
550 4389 655 4459 neptium
675 4403 779 4443 euntem
829 4387 899 4456 Quid
919 4401 983 4459 ergo
996 4384 1141 4442 iaciendum
1155 4385 1217 4441 esti
1234 4383 1413 4454 corripiamus
1425 4383 1522 4451 serbis,
1541 4391 1569 4440 ει
1587 4384 1611 4440 si

102 4475 200 4530 tssssis
215 4490 268 4531 esse
281 4477 440 4548 presignato.
456 4475 565 4533 Peccata
580 4478 683 4533 dimisae
701 4479 779 4550 repli-
830 4492 897 4549 opus
917 4485 973 4542 est,
990 4486 1018 4533 et
1030 4476 1183 4533 uerberibus
1198 4494 1205 4531 :
1226 4475 1273 4532 sed
1293 4475 1417 4532 delictum
1436 4473 1610 4541 dimittamus,

107 4580 162 4622 sno
176 4566 317 4622 άίιιίιιεηιι.
333 4568 426 4625 Videte
438 4582 511 4640 crgo,
533 4568 650 4626 iratres:
669 4570 780 4641 quisque
830 4567 935 4638 cuipam
955 4567 990 4625 de
1014 4567 1095 4624 corde
1117 4566 1281 4637 abjiciamus.
1305 4563 1368 4621 ideo
1391 4563 1461 4620 cuim
1484 4564 1610 4620 Dominus

102 4656 271 4730 rDuptismo,
284 4658 351 4715 liber
362 4660 426 4727 suit,
437 4659 544 4716 dimissa
561 4669 624 4716 sunt
636 4660 674 4716 illi
687 4659 780 4717 decem
829 4658 954 4726 subdidit,
977 4659 1009 4715 de
1032 4660 1147 4715 sordibus
1169 4657 1266 4726 satos,
1291 4666 1322 4713 ut
1343 4656 1366 4713 si
1387 4672 1434 4727 per
1453 4654 1608 4713 charitatem

102 4748 267 4819 sieutomm;
278 4752 617 4820 eteumerierit,inrenire
627 4751 780 4810 babetcon·
829 4750 973 4823 imponitur
993 4750 1141 4822 disciplina,
1160 4748 1194 4806 de
1211 4748 1292 4805 eorde
1306 4747 1401 4805 leuitas
1418 4761 1472 4803 nou
1491 4745 1607 4803 recedm.

102 4854 200 4898 usuum
217 4841 373 4899 debitorem.
391 4841 518 4900 observet
533 4859 596 4914 ergo
614 4844 700 4915 ipsum
718 4858 780 4915 pec·
829 4841 899 4912 Quid
920 4840 992 4899 cuim
1013 4848 1069 4897 tam
1092 4840 1164 4912 pium
1178 4854 1257 4912 quam
1278 4837 1397 4895 medicus
1416 4837 1504 4894 iereus
1523 4834 1609 4893 ierra·

106 4931 192 5004 :qula
209 4947 334 4990 uumerus
349 4932 509 4990 undenarius
526 4934 700 5007 transgressio
715 4934 780 5006 legis
829 4934 968 4992 mentuml
979 4933 1068 4990 Plorat
1081 4931 1228 5000 secundm,
1243 4938 1271 4987 et
1283 4938 1388 4987 secutor
1401 4945 1409 4982 s
1424 4926 1512 4999 plorat
1524 4941 1607 4983 uren·

102 5037 119 5079 r
136 5021 208 5079 enim
226 5022 358 5091 denarius,
366 5032 503 5095 peceatum
520 5024 705 5081 undenarium.
723 5023 779 5082 Les
828 5027 890 5095 dus,
902 5024 1032 5082 eturisur.
1045 5023 1103 5079 Nou
1113 5030 1155 5079 est
1166 5021 1211 5078 illa
1222 5019 1379 5085 crttdditas;
1389 5017 1458 5075 absit
1469 5026 1499 5074 ut
1507 5017 1606 5073 saeuitia

102 5126 130 5169 Ι
141 5110 249 5180 (lilim,
262 5121 397 5184 promtum
411 5128 459 5184 per
471 5113 603 5170 undecim.
618 5113 706 5182 Quare
717 5128 779 5185 pee-
828 5115 923 5174 medici
944 5112 1055 5169 betur.
1073 5111 1152 5168 sevit
1164 5111 1192 5167 in
1207 5110 1310 5176 uulnus,
1332 5117 1362 5164 ut
1378 5107 1460 5165 bomo
1476 5106 1583 5163 mustus
1598 5123 1606 5160 ι

102 5201 375 5276 peruodeeimiQuia
388 5204 564 5276 transgressio
573 5203 673 5261 denarii
685 5213 736 5272 est,
749 5214 778 5263 ut
827 5207 888 5280 quia
901 5205 1030 5262 sirulutts
1042 5202 1172 5275 palpetur,
1185 5200 1265 5258 bomo
1283 5200 1411 5272 perditur.
1425 5199 1544 5270 sicergo
1557 5198 1607 5255 ista
1676 5260 1680 5269 ,

116 5334 263 5400 mm
276 5345 428 5408 mmm
446 5345 585 5395 ,umqum
604 5341 744 5406 ,mm
762 5358 778 5396 a
828 5303 984 5368 monuerim,
1000 5300 1093 5357 iratres
1106 5298 1169 5365 mei,
1183 5307 1212 5354 ot
1225 5297 1318 5353 iratres
1335 5306 1440 5353 nostros
1452 5293 1497 5365 qui
1510 5307 1605 5364 pecca·

102 5473 127 5518 et
135 5471 203 5526 bor,
214 5466 284 5518 dena.
302 5473 351 5516 tm.
365 5474 391 5517 et
401 5467 511 5530 plerique
521 5473 585 5525 tiss..
603 5466 667 5519 deus.
683 5470 729 5517 sed
740 5483 777 5522 ca-
859 5464 1020 5517 transuersis
1026 5456 1224 5516 tismesuloutur.
1234 5455 1449 5518 uoxmttreninns,
1460 5467 1503 5521 per
1520 5452 1604 5517 buiss-

102 5530 263 5583 st'osrsteusts
278 5529 364 5590 codes,
382 5529 454 5580 deses
467 5541 476 5579 .·
490 5529 591 5592 supple,
610 5529 720 5584 denum
736 5535 777 5585 dc·
826 5520 1183 5649 usedffiwmt'fflgffi.
1194 5577 1372 5634 mmmm
