3728 6276
683 222 796 286 ssstto
813 217 955 279 cdlxxiii.
1587 222 1640 282 m

142 358 329 433 nntimpudici,
350 365 379 412 ut
392 353 503 413 simulin
517 361 563 407 too
575 354 729 418 conspectu,
742 355 803 397 curn
855 337 954 406 minus,
968 337 1021 394 imo
1032 346 1062 394 ut
1076 340 1192 412 apertius
1202 342 1332 409 dienrms,
1348 357 1382 399 ne
1393 342 1450 415 ipsa
1465 339 1567 400 Veritas
1578 358 1641 402 cre·

142 454 270 516 rrenerit,
283 450 460 525 gaudeamus,
472 455 500 502 et
512 443 558 516 qui
580 438 697 514 erogarit
717 443 745 491 ει
761 433 805 488 cui
856 427 933 484 datur
942 431 1127 486 essementita.
1139 430 1167 488 Si
1180 432 1249 487 enim
1261 433 1381 490 volumus
1394 434 1532 491 mentitum
1543 437 1639 506 putari,

142 556 223 605 nest.
241 545 331 602 Placet
352 540 424 597 aaut
436 539 551 596 Placeat.
565 533 729 606 Quicnrnque
754 525 805 580 im·
856 521 1000 578 mentiendi
1012 524 1195 581 auctoritatem
1208 524 1328 582 inilrmns
1345 526 1466 596 accipiet.
1484 526 1641 584 Audivimus

142 639 209 707 sto,
231 635 356 708 corrigite
369 648 427 698 vos,
455 628 519 686 dum
539 626 637 684 visitis.
664 624 720 693 Ego
733 618 805 675 enim
856 608 946 667 dicere
957 612 1096 669 mentitum
1108 628 1178 670 esse.
1193 615 1241 683 Qui
1253 615 1325 671 enim
1344 624 1438 686 putant
1461 630 1521 672 esse
1544 617 1641 672 menri.

142 728 186 786 Μ
199 724 271 799 ¹“lili
282 739 402 799 3⁰⁸⁸¹¹¹¹¹2
412 719 656 794 imiuffifflwlllssffl
670 715 696 769 ¹¹¹
712 709 805 783 liedul-
857 709 923 770 ¹⁰¹⁰,
934 704 986 760 boc
1001 704 1110 760 dieunt:
1127 705 1197 760 oran
1218 721 1247 762 se
1267 721 1320 761 non
1332 720 1504 763 ascensurum
1521 706 1556 762 ad
1570 705 1641 763 diem

142 825 280 885 rrerantes,
291 816 325 872 de
336 814 437 888 judicio
455 822 483 870 st
496 810 665 868 damnatione
674 806 721 863 ltei
735 804 803 860 libe·
856 792 962 864 festum,
977 803 1005 851 ct
1016 796 1144 853 aseendit.
1159 797 1248 853 Primo
1256 813 1329 869 crgo,
1344 800 1509 869 quantumin
1530 810 1641 874 angmto

142 925 278 984 'imm
856 893 975 956 tempore
988 900 1144 956 liminius,
1166 888 1301 944 videamus
1319 897 1407 944 utrum
1430 893 1580 958 mentiatur,
1596 894 1641 964 qui

229 1043 349 1102 smo
365 1038 498 1099 cmm
516 1043 526 1064 ,
545 1036 583 1108 (a)
856 974 920 1031 dicit
933 976 1030 1048 aliquid
1042 987 1070 1033 et
1079 993 1132 1034 non
1141 979 1218 1034 lacit.
1228 979 1308 1035 Verbi
1322 981 1392 1035 enim
1403 996 1489 1049 causa,
1506 981 1560 1038 dixi
1572 983 1641 1037 ami.

278 1137 293 1150 ..
395 1133 401 1146 ,
479 1132 485 1144 ·
856 1079 899 1132 co,
913 1065 979 1123 Cras
992 1077 1018 1123 te
1040 1069 1134 1124 ridebo
1151 1071 1284 1125 :occurrit
1298 1070 1383 1140 major
1405 1072 1558 1137 necessitas,
1582 1088 1642 1143 qum

142 1137 293 1208 'misdi'
304 1134 425 1199 ’ΝΜ
442 1131 484 1186 “⁶¹
496 1130 572 1186 ’Μ’
586 1145 637 1182 '‘⁰''
649 1142 676 1182 ⁸⁶
686 1139 805 1178 ‘'W‘'
857 1158 985 1214 retineret
995 1175 1002 1225 ;
1014 1175 1066 1214 non
1078 1160 1241 1217 ideolulsum
1254 1161 1320 1217 diri.
1335 1161 1446 1230 Quando
1457 1163 1526 1218 enim
1542 1164 1641 1233 promi-

142 1228 342 1298 “l'mimm
353 1226 496 1292 “imi“
516 1230 598 1275 ”m
611 1217 732 1282 “M''
745 1231 803 1284 “⁸¹’‘
857 1245 890 1313 si,
906 1247 957 1304 boc
967 1249 1114 1305 sentiebam
1128 1251 1197 1320 quod
1207 1251 1336 1307 dicebam.
1351 1252 1459 1321 erando
1470 1261 1558 1308 autem
1571 1252 1642 1308 aliud

158 1318 288 1391 sso(⁶)-
856 1337 942 1407 majus
961 1341 1085 1406 occurrit,
1105 1340 1175 1411 quod
1200 1341 1336 1412 impedivit
1358 1343 1435 1398 iidem
1459 1343 1643 1414 promissionis

142 1431 262 1506 angelice
282 1429 395 1485 lectionis
417 1426 548 1498 expositio
571 1420 740 1493 Propositum
766 1425 807 1475 esi
857 1440 935 1496 mear,
951 1445 1003 1483 nnn
1013 1431 1118 1486 urterrtiri
1130 1431 1212 1498 nolui,
1229 1431 1276 1487 sed
1294 1433 1451 1502 promissum
1466 1435 1575 1504 impiere
1589 1448 1642 1490 non

142 1524 169 1580 5¹¹
191 1520 324 1592 adjutorio
349 1518 467 1584 ὓθῐιιῑῐιῑ,
490 1517 524 1572 de
551 1515 602 1570 ¹¹⁰0
622 1513 806 1568 recenllsslm
858 1521 942 1589 potui.
955 1521 1035 1586 Ecce,
1049 1531 1175 1592 qnantum
1196 1523 1321 1587 arbitror,
1337 1539 1389 1579 non
1402 1525 1529 1593 inhorati,
1544 1534 1643 1597 utper-

142 1614 157 1670 ii
176 1613 292 1684 capitulo
316 1611 460 1680 disputare,
489 1620 540 1663 nec
564 1614 607 1662 est
627 1618 708 1677 parra
731 1616 807 1674 quo·
858 1608 1014 1680 suaderem,
1042 1611 1090 1667 sed
1118 1614 1300 1669 tantummodo
1326 1614 1452 1670 admonui
1478 1615 1643 1686 prudentiam

142 1704 331 1775 rpenctnerur
350 1703 465 1768 veritas,
487 1706 514 1755 ει
538 1697 639 1753 falsitas
669 1695 805 1767 glorietur.
858 1709 986 1769 nestram,
1011 1718 1064 1757 non
1078 1704 1182 1760 mentiri
1197 1721 1258 1760 eum
1281 1705 1326 1775 qui
1353 1708 1484 1777 promittit
1498 1707 1596 1778 aliquid
1617 1717 1646 1764 ct

142 1812 177 1854 ue
188 1798 286 1853 veritas
300 1796 387 1866 perire
399 1802 497 1864 potest,
511 1805 596 1862 neque
609 1790 710 1846 falsitas
729 1801 808 1858 supe·
858 1807 912 1847 uon
926 1792 997 1861 lacit,
1011 1795 1032 1850 si
1048 1803 1077 1849 ut
1092 1809 1144 1850 nun
1154 1795 1320 1864 iaciat,aliod
1333 1798 1487 1866 occurrerit,
1502 1796 1572 1869 quod
1586 1799 1645 1869 cius

142 1888 185 1945 uid
204 1896 291 1944 autem
315 1884 469 1956 questionis
482 1883 577 1938 babent
591 1881 640 1937 ista
654 1879 744 1947 lectio,
760 1892 808 1948 pa·
859 1881 984 1954 impediat
1005 1885 1216 1956 promissionem,
1242 1903 1294 1943 non
1314 1887 1385 1959 quod
1411 1889 1551 1945 convincat
1571 1888 1646 1948 salsi·

145 1980 272 2051 aecipite;
288 1987 316 2033 et
326 1978 386 2033 lacti
400 1976 493 2031 irrtenti
507 1990 556 2046 per
566 1975 726 2044 propositam
737 1986 809 2042 quae·
859 1982 950 2030 tatem.

142 2113 148 2140 ,
172 2081 248 2127 orate
270 2079 298 2125 nt
321 2067 481 2124 sufficiamus
501 2064 535 2121 ad
552 2065 721 2120 solutionem.
747 2061 809 2116 lites
895 2067 923 2123 3.
935 2067 1037 2123 ilenrirr'
1046 2069 1118 2141 pejus
1128 2079 1163 2124 est
1172 2086 1248 2140 quem
1256 2071 1321 2143 fuld.
1330 2070 1382 2127 Sed
1397 2071 1434 2127 ait
1445 2072 1489 2142 qui
1504 2087 1547 2127 me
1555 2071 1645 2128 audit:
1727 2094 1736 2113 τ

142 2164 335 2221 ratlndaenrum
348 2161 504 2232 scenopegia
516 2177 523 2214 ε
535 2159 562 2213 lui
576 2157 634 2213 dies
643 2164 716 2222 sunt,
726 2169 811 2225 quan·
860 2155 993 2229 Numquid
1007 2158 1057 2214 bne
1069 2168 1145 2228 putes
1161 2159 1195 2215 de
1217 2161 1323 2216 cbristo
1346 2161 1444 2226 dicere,
1459 2163 1519 2233 quia
1541 2162 1582 2219 rel
1594 2178 1645 2218 non

142 2269 208 2324 rtur,
225 2273 292 2328 quos
305 2254 435 2324 herdieque
454 2253 606 2317 observant,
620 2248 811 2320 quandooasas
861 2251 947 2324 potnit
968 2252 1078 2324 implere
1102 2267 1162 2324 quae
1185 2253 1299 2320 volebat,
1320 2254 1362 2310 rel
1385 2253 1471 2311 lutura
1495 2256 1647 2312 nesciebat?

142 2348 175 2422 c).
188 2348 236 2404 list
247 2348 319 2403 enim
330 2347 382 2401 illis
400 2345 449 2400 ista
470 2341 624 2398 solemnitas
640 2339 674 2395 llo
694 2338 810 2394 fabrico·
861 2346 934 2402 Bene
947 2346 1013 2418 agis,
1028 2346 1097 2402 bene
1114 2346 1242 2416 suggeris,
1267 2355 1339 2402 recte
1361 2362 1532 2403 commones:
1547 2347 1647 2416 sed,o

142 2441 361 2504 bernaculnrum3
380 2435 505 2506 nasoniano
527 2431 724 2489 tabernuculum
738 2441 810 2493 σκηνή
863 2435 957 2503 bomo,
967 2435 1066 2507 partire
1082 2450 1184 2490 mecum
1198 2435 1414 2492 sollicitudinem.
1428 2423 1512 2506 Quem
1530 2452 1584 2493 nou
1597 2454 1647 2494 au-

146 2530 305 2602 scennpegia
317 2538 357 2584 est
373 2525 535 2583 tabernaculi
548 2523 695 2579 labnestio.
709 2521 742 2577 lli
754 2520 812 2576 dies
862 2526 956 2582 demus
970 2528 1059 2583 dicere
1070 2528 1158 2583 miurus
1174 2528 1316 2597 valentem,
1330 2529 1457 2584 audemus
1470 2528 1560 2587 dicere
1573 2545 1649 2586 men-

142 2622 175 2679 nd
188 2620 295 2678 iudaeos
309 2619 480 2691 agebantur:
503 2625 530 2672 et
546 2614 727 2685 appellabatur
744 2627 812 2668 uuus
863 2619 991 2675 tientem?
1003 2619 1058 2690 Ego
1078 2619 1192 2690 quidem,
1218 2627 1344 2691 qnantum
1364 2621 1496 2688 existimo,
1520 2629 1648 2691 quantum

142 2729 183 2781 ns,
194 2711 315 2784 nunquia
325 2726 379 2767 uno
388 2711 431 2766 die
440 2709 529 2775 debat,
538 2707 585 2766 sed
593 2709 653 2779 quia
661 2707 811 2763 continuata
862 2724 912 2781 pro
926 2724 985 2767 mea
1009 2709 1161 2766 inlirmitate
1180 2710 1299 2782 judicare
1310 2726 1427 2781 possrrm,
1441 2711 1510 2783 oligo
1526 2719 1555 2768 ut
1567 2712 1649 2767 bomo

142 2815 168 2862 tc
180 2806 367 2877 peragelratur;
382 2805 450 2859 sicut
463 2803 519 2858 dies
533 2801 615 2857 leatus
625 2801 743 2867 Pascha,
757 2801 810 2856 sic·
863 2801 890 2857 in
903 2801 991 2874 aliquo
1005 2801 1120 2870 lallatur,
1131 2819 1209 2874 quam
1224 2812 1252 2858 ut
1268 2802 1294 2859 in
1315 2803 1403 2874 aliquo
1416 2807 1567 2863 mentiatur.
1581 2806 1650 2864 Falli

141 2900 226 2956 iustus
238 2915 402 2971 azyrnorum,
411 2906 439 2954 et
451 2905 550 2964 tamena,
563 2896 631 2951 sicut
646 2894 811 2950 manilestum
863 2893 934 2950 enim
943 2894 1057 2965 pertinet
1065 2893 1296 2963 ad'inflrmitatem,
1308 2896 1413 2952 mentiri
1425 2896 1458 2952 ad
1473 2897 1648 2970 iniquitatem.

145 2991 230 3048 iestrm
245 2989 304 3045 dies
321 2988 407 3059 agitur
422 3005 469 3059 per
480 2987 581 3057 aliquot
590 2985 658 3042 dies.
672 2986 736 3039 Erat
748 3000 812 3055 crgo
865 2982 958 3048 Odisti,
970 2985 1065 3056 inquit,
1077 2984 1195 3051 Domine,
1222 3002 1306 3041 earnes
1318 2987 1360 3057 qui
1374 2998 1509 3059 operantur
1527 2990 1650 3062 iniquita-

142 3081 219 3138 aista
243 3080 411 3146 solemnitas3
432 3078 560 3133 Durninus
572 3077 649 3134 lesus
664 3077 691 3131 in
705 3077 812 3132 Galilaea
865 3084 923 3129 tens.
935 3075 969 3130 Et
982 3076 1106 3132 continuo
1122 3075 1236 3132 :Perdes
1249 3078 1385 3148 omnesqui
1396 3077 1532 3149 loquuntur
1543 3081 1650 3136 urendo·

142 3172 195 3227 iet
207 3171 320 3227 nutritus
334 3178 384 3232 est,
409 3168 451 3223 ubi
465 3179 492 3222 ct
511 3167 722 3238 consanguineos
733 3175 813 3236 atque
864 3167 931 3221 nan
945 3165 1029 3239 (Psoi.
1039 3182 1067 3230 r,
1078 3167 1119 3238 t).
1138 3168 1191 3222 dut
1213 3167 1375 3224 tantumdem
1389 3169 1460 3224 valet
1483 3170 1608 3241 iniquitas
1622 3179 1651 3228 et

142 3249 155 3322 s
177 3264 281 3332 babuit,
315 3278 383 3334 qnos
412 3262 547 3332 Scriptura
572 3259 666 3316 iratres
687 3259 812 3330 appellat.
864 3258 1105 3327 mendacium3aut
1118 3261 1178 3331 plus
1189 3268 1230 3316 est
1242 3259 1346 3328 Perdes,
1361 3277 1439 3332 qoam
1456 3262 1547 3318 Odisti.
1559 3262 1652 3336 Neque

142 3363 227 3427 tergo
239 3355 272 3422 ei,
283 3353 350 3409 sicut
360 3354 455 3409 lectum
467 3352 625 3419 audirimus,
638 3352 814 3424 fratresque:
865 3349 936 3406 enim
950 3349 995 3420 qui
1009 3348 1070 3405 odio
1088 3349 1211 3419 babetur,
1225 3352 1350 3406 corrtinuo
1372 3352 1520 3421 perditione
1532 3354 1650 3424 pumtur.

142 3447 204 3514 rinc,
217 3455 240 3501 et
254 3447 317 3501 unde
328 3449 354 3500 in
369 3444 497 3511 Judaeum,
512 3455 540 3499 ut
563 3455 585 3499 et
597 3444 714 3516 discipali
726 3445 763 3497 tsi
775 3444 813 3498 ri·
866 3441 965 3499 Verum
977 3442 1013 3498 sit
1024 3443 1067 3498 illa
1078 3443 1201 3513 quaestio,
1223 3453 1311 3499 utrum
1330 3444 1474 3513 aliquando
1485 3444 1592 3502 mentiri
1602 3461 1653 3502 ne·

142 3554 191 3593 ern
204 3547 247 3593 tan
260 3553 316 3609 qnoe
329 3536 497 3609 sncisdlenro
511 3534 614 3590 crinein
633 3536 730 3590 occuito
753 3533 815 3606 quid
866 3547 941 3590 cesse
959 3531 1015 3589 sit:
1030 3547 1082 3588 non
1103 3533 1175 3588 enim
1197 3533 1277 3588 modo
1299 3533 1431 3590 discutio:
1447 3535 1577 3592 latebrosa
1599 3545 1651 3600 est,

151 3631 242 3703 querit
254 3630 309 3700 ipsc
318 3631 345 3684 in
358 3629 444 3702 pulum
456 3646 518 3684 erse.
535 3627 566 3683 Si
580 3627 634 3681 ioec
644 3626 717 3699 sucu,
731 3625 814 3680 nrani-
866 3623 963 3679 multos
975 3622 1049 3678 surus
1062 3622 1155 3689 lrabct;
1180 3639 1233 3679 non
1247 3634 1321 3680 vacat
1345 3641 1439 3681 omnes
1454 3641 1557 3695 secare,
1570 3637 1598 3684 et
1617 3628 1651 3683 ad

142 3723 247 3777 mando.
260 3721 361 3775 beinde
376 3720 510 3791 subjungit
523 3717 709 3788 Evangelista:
726 3714 816 3786 Neque
866 3714 953 3769 virum
964 3714 1112 3784 peruenire.
1138 3712 1209 3785 Ergo
1226 3713 1284 3785 epus
1297 3714 1399 3770 curatio
1416 3714 1444 3769 in
1465 3724 1568 3785 tempus
1579 3717 1653 3773 aliud

142 3825 198 3870 ures
208 3815 262 3886 rjus
270 3812 402 3869 cremant
411 3816 437 3868 in
452 3829 517 3867 eunt.
528 3810 557 3866 Si
567 3824 631 3882 ergo
645 3825 699 3865 nou
712 3809 739 3865 in
753 3823 814 3866 enm
866 3803 1019 3870 dideratur;
1033 3802 1154 3860 fortassis
1165 3806 1236 3860 enirn
1247 3806 1305 3861 sinc
1324 3820 1448 3862 sermone
1461 3814 1553 3862 nostro
1564 3806 1653 3864 divina

143 3917 183 3975 nt,
204 3905 335 3962 invidiosa
358 3906 438 3961 acrba
463 3903 648 3976 subjiciebant.
676 3901 816 3973 Respondit
866 3895 1041 3966 opitulatione
1065 3895 1211 3952 sanabitur.
1237 3895 1288 3953 Sed
1312 3896 1375 3967 quid
1398 3897 1500 3966 distuli,
1513 3898 1576 3970 quid
1591 3900 1654 3957 uolo

142 4015 152 4053 r
165 3996 296 4069 :Tempus
309 4013 391 4052 rreum
404 3998 516 4052 nendum
530 3996 650 4060 nonenim
663 4005 761 4065 ternpus
768 4010 817 4048 no-
867 3988 947 4044 bodie
960 3996 1082 4056 tractare,
1097 3988 1227 4045 intendite
1239 3997 1267 4046 et
1282 3990 1443 4064 distinguite.
1457 3992 1499 4048 An
1512 3990 1654 4064 aliquando

142 4104 199 4143 rursu
211 4104 309 4160 seraper
322 4097 359 4142 est
374 4097 500 4158 purnium.
522 4086 582 4142 Non
604 4095 683 4156 potest
707 4086 816 4140 mondus
868 4080 1050 4137 mentiendum
1064 4080 1110 4149 sit,
1126 4080 1196 4137 banc
1214 4081 1269 4137 dixi
1282 4081 1417 4138 didicilem
1438 4092 1464 4139 et
1476 4081 1655 4140 latebrosissi-

142 4195 167 4237 rs
180 4195 190 4235 .·
201 4196 242 4236 srre
252 4189 335 4234 autur
346 4179 410 4247 odit,
420 4179 480 4251 qaia
494 4195 538 4251 epo
555 4178 723 4233 testimonium
733 4177 817 4249 perbi-
867 4186 938 4227 mam
952 4173 1136 4243 questionem,
1152 4172 1221 4227 bano
1239 4171 1344 4229 didere.
1369 4173 1463 4229 Utrum
1476 4183 1566 4230 autem
1577 4173 1655 4231 curt·

142 4271 190 4336 ur,
206 4271 266 4340 quin
275 4286 352 4340 opero
361 4270 417 4338 cius
428 4269 496 4323 mnia
505 4278 574 4325 snat.
592 4267 643 4323 Vos
655 4268 781 4323 ascendite
790 4267 817 4321 in
867 4271 925 4319 stus
938 4264 1064 4321 mentitus
1080 4263 1125 4333 sit,
1137 4272 1225 4320 utrum
1239 4264 1343 4321 Veritas
1360 4264 1458 4337 aliquid
1471 4264 1566 4321 ialsum
1580 4265 1656 4324 dixe-

142 4362 288 4417 rtsrrrlrsac.
300 4359 357 4433 Epo
367 4377 417 4415 nnn
431 4360 472 4432 (d)
481 4360 629 4416 osecndnnd
641 4360 708 4415 diem
726 4361 818 4431 sotum
867 4355 918 4424 rit,
939 4357 990 4412 boc
1012 4354 1092 4412 bodie
1114 4358 1279 4428 suscepimus
1298 4355 1425 4414 admoniti
1449 4373 1481 4414 es
1503 4358 1656 4431 evangelica

142 4452 190 4509 oria
202 4463 300 4525 tumme
310 4452 514 4507 neumnensium
531 4450 718 4523 impietumsst.
735 4450 816 4508 licin-
867 4447 990 4506 Ιεειίεῃε.

142 4550 207 4604 rltur
232 4546 398 4618 Evangelista
420 4565 427 4602 :
451 4546 513 4603 llus
535 4564 593 4602 corn
618 4546 738 4615 dixisset,
763 4547 819 4620 ipsc
903 4542 931 4597 l.
945 4539 1016 4596 ruta
1035 4549 1059 4596 et
1076 4539 1175 4595 moriri
1185 4538 1310 4610 monrcdo
1332 4538 1461 4608 offerunt.
1475 4540 1543 4608 Quid
1566 4551 1655 4599 autem

142 4642 160 4695 ir
183 4637 299 4695 Gallina.
320 4638 354 4695 llt
367 4648 451 4693 auom
462 4638 627 4694 mundarunt
641 4644 732 4711 [ratres
752 4641 817 4712 ejas,
870 4633 973 4688 intersit
995 4633 1063 4688 inter
1083 4631 1137 4687 lalii
1151 4640 1180 4686 et
1200 4630 1317 4695 mentiri,
1337 4629 1532 4687 breuiterdico.
1544 4630 1656 4689 ratttrm

142 4733 193 4804 lpse
202 4731 357 4787 mendacii
368 4732 434 4786 diem
446 4734 547 4804 festum,
561 4747 611 4785 non
623 4732 763 4805 rumseste,
774 4733 819 4787 sed
870 4725 916 4798 qui
930 4733 1004 4797 putat
1016 4738 1108 4780 rerum
1125 4721 1270 4793 essequod
1292 4720 1365 4787 dicit,
1381 4731 1409 4778 et
1426 4722 1487 4794 quia
1502 4738 1596 4778 rerum
1604 4738 1657 4796 pu-

142 4823 226 4880 ente.
245 4822 301 4879 linc
321 4837 404 4893 usque
416 4821 567 4878 extenditur
586 4823 708 4894 questio,
721 4831 819 4882 caetera
871 4827 921 4887 tat,
935 4820 995 4876 ideo
1008 4819 1083 4875 dicit.
1100 4816 1155 4873 lloc
1179 4825 1267 4872 autem
1282 4813 1353 4888 quod
1373 4814 1437 4870 dicit
1448 4815 1494 4885 qui
1507 4811 1617 4882 fallitur,
1631 4815 1655 4872 si

142 4925 208 4971 tout.
870 4925 962 4967 rerum
975 4919 1058 4978 esset,
1070 4925 1124 4965 non
1139 4906 1275 4963 lallerctur
1288 4922 1296 4962 t
1309 4907 1333 4962 si
1347 4921 1399 4962 nnn
1412 4906 1498 4962 sulum
1510 4922 1602 4964 rerum
1614 4921 1658 4964 es·

142 5004 275 5061 mammis
284 5021 313 5061 en
327 5003 508 5061 bruncrasse
521 5006 659 5061 mnarum.
673 5006 742 5075 Quid
754 5022 820 5080 ergo
871 5012 922 5072 set,
943 5001 990 5059 sed
1004 5002 1084 5057 etiam
1103 5015 1196 5057 rerum
1217 5014 1278 5055 esse
1295 4998 1386 5066 sciret,
1407 5014 1461 5054 nnn
1488 4999 1657 5056 nieutiretur.

142 5097 179 5154 ui
192 5096 255 5169 qnid
266 5097 373 5153 monui
385 5097 448 5166 quid
462 5099 488 5152 in
501 5097 619 5166 periculo
639 5099 701 5154 esti
712 5097 752 5154 Ne
764 5098 819 5154 lio·
871 5095 983 5151 Fallitur
996 5108 1071 5167 ergo,
1089 5094 1149 5164 quia
1165 5092 1260 5149 ialsum
1277 5100 1330 5160 est,
1345 5100 1372 5148 et
1384 5107 1475 5148 rerum
1488 5100 1579 5164 putat;
1594 5093 1660 5151 dicis

872 5199 961 5245 autem
974 5187 1080 5244 norrnisi
1091 5187 1151 5259 qnia
1165 5201 1259 5242 rerum
1269 5193 1355 5256 putat.
1371 5185 1453 5241 Error
1462 5195 1504 5241 cst
1525 5185 1552 5241 iu
1565 5185 1660 5243 buma-

872 5299 906 5339 na
925 5281 1086 5346 infirmitate,
1112 5279 1160 5335 sed
1180 5293 1233 5334 nou
1254 5288 1295 5334 est
1309 5278 1335 5333 iu
1354 5278 1523 5334 conscientiae
1535 5280 1659 5335 sanitate.

142 5352 201 5416 Μ’
220 5353 237 5404 ⁸
253 5356 319 5406 Μ’
340 5353 419 5404 edm
439 5366 472 5404 ⁰¹
499 5357 666 5419 mmmm
692 5356 821 5408 mmm
874 5374 999 5446 Quisquis
1012 5370 1204 5429 antemlalsnm
1219 5379 1292 5440 putat
1306 5379 1461 5440 esseetpro
1475 5385 1539 5427 vero
1553 5372 1658 5438 asserit,

142 5485 262 5529 oensem
272 5478 298 5527 tn
308 5476 404 5528 residit
415 5476 527 5537 rediculo,
539 5491 591 5541 esp.
602 5478 627 5529 9.
874 5469 931 5538 ipse
941 5466 1075 5522 assentitur.
1087 5462 1189 5528 Videte,
1205 5460 1299 5516 iratres
1313 5458 1377 5526 mei,
1397 5460 1552 5533 distinguite
1567 5461 1661 5519 nutriti

142 5544 193 5599 ’ω’
206 5539 343 5614 mm·
356 5601 411 5649 ed'
772 5613 779 5628 ,
874 5557 900 5614 in
912 5556 1040 5622 Ecclesia,
1051 5553 1146 5611 eruditi
1159 5553 1185 5609 in
1194 5550 1493 5621 scripturisdominicis,
1505 5569 1557 5608 nun
1568 5551 1659 5621 rudes,

142 5600 495 5728 &willemannum
508 5608 546 5653 εει
561 5600 638 5666 Μ’
654 5600 777 5665 mm'
796 5610 823 5653 et
877 5668 929 5708 non
944 5649 1044 5714 rustici,
1065 5663 1117 5703 uon
1134 5645 1231 5702 idiote.
1247 5644 1314 5699 Sunt
1324 5642 1394 5699 cuiun
1407 5642 1476 5699 inter
1491 5659 1538 5700 ros
1549 5642 1620 5699 docti
1633 5654 1659 5700 et

142 5243 220 5283 nno
237 5232 264 5282 in
280 5232 448 5294 mammiptis
463 5233 552 5283 nostris
570 5245 688 5297 nusqrram
708 5240 822 5297 repertus
