3728 6276
195 207 264 264 ,ιη
804 193 834 252 s.
854 192 1034 254 abousrrnr
1055 192 1205 254 nersconr
1755 195 1818 254 rut

193 328 283 375 autem
305 333 346 372 nre
366 312 503 386 diligeretis
523 328 533 366 .·
550 308 614 383 quid
635 317 693 374 est,
718 307 778 362 mei
801 304 835 362 lrr
855 305 980 379 principio
1035 307 1115 363 beas.
1129 307 1225 365 Tollite
1239 310 1349 383 orgode
1361 310 1449 369 medio
1466 310 1598 370 desideria
1609 309 1739 368 carnalia.
1751 310 1818 369 Tan-

194 419 248 466 erot
267 408 392 475 Verbum,
413 415 437 461 et
454 404 563 459 Verbum
585 410 640 457 erot
660 399 729 473 opud
747 398 846 464 lirani,
869 409 892 453 er
914 396 982 452 lieno
1033 410 1112 469 qnam
1126 397 1290 456 bocdicerot
1304 402 1438 472 Apostolis
1456 402 1512 459 suis
1526 422 1534 458 ε
1548 402 1606 458 lion
1622 401 1705 458 vultis
1722 416 1766 459 me
1783 403 1818 458 dr·

193 512 249 560 mot
265 499 373 557 Verbmn
396 498 490 569 (loon.
503 513 528 563 r,
543 493 575 567 Ι)
598 514 605 550 :
628 492 698 565 quod
717 493 755 547 ait
777 491 833 561 ipse
853 489 981 546 loannes.
1033 490 1138 546 mittere
1163 490 1313 564 (quomodo
1335 495 1517 566 unusquisque
1539 509 1592 550 non
1607 493 1666 550 rulr
1687 492 1817 551 dimittere

195 594 225 652 Si
246 609 311 666 ergo
330 594 368 648 sic
387 606 431 646 me
449 589 604 660 diligereris,
624 584 757 659 quomodo
778 599 826 654 per
848 596 891 638 mc
913 579 982 637 lacta
1034 578 1149 637 amicum
1164 596 1261 650 suurn,
1275 591 1400 655 tanquam
1415 585 1528 642 dicens:
1544 585 1608 641 Esto
1622 584 1817 640 nobiscumali·

195 694 258 742 sunt
280 684 388 747 omnia,
411 680 570 754 gradariis,
592 678 710 747 quonium
732 673 797 730 uodo
814 674 848 729 od
867 672 981 728 Patrem.
1034 682 1172 744 quantum,
1186 671 1357 746 refrigeratur
1369 676 1456 731 anima
1472 685 1561 731 nostra
1582 674 1691 748 quando
1711 685 1737 732 te
1750 672 1817 730 ride

196 774 303 844 Quarei
330 773 455 838 Quoniam
472 768 551 824 Pater
571 769 653 838 major
674 782 714 822 me
736 775 781 820 ert.
807 763 901 820 Adbuc
921 777 982 819 cum
1033 761 1125 838 nrus);
1147 765 1193 822 sed
1207 767 1301 823 melius
1315 775 1357 823 εει
1370 775 1398 823 ιιι
1411 768 1489 824 istam
1505 783 1614 824 caruem
1630 783 1685 823 non
1700 766 1816 833 rideatis,

196 883 241 923 me
256 866 351 921 ridetis
368 867 395 920 in
416 872 502 927 terra,
524 862 609 931 major
622 875 665 915 me
682 866 724 916 ost
734 858 822 913 Pater.
844 855 983 912 Discedam
1034 867 1062 913 et
1083 857 1249 914 diuinitatem
1270 859 1401 932 cogitetis
1424 859 1501 917 Tollo
1515 878 1558 918 me
1577 860 1683 917 arabis
1695 860 1816 921 exterius,

196 958 232 1015 ab
251 957 335 1013 oculis
349 954 464 1019 restris;
491 953 598 1008 tollatur
617 950 651 1006 ab
667 948 817 1021 aspectibus
830 962 892 1003 caro
912 962 984 1002 mor·
1034 959 1062 1004 ει
1076 965 1119 1005 ιιιε
1132 951 1190 1019 ipso
1202 950 1299 1023 impleo
1307 968 1354 1009 ιοε
1364 953 1483 1010 interius.
1498 953 1631 1025 Numquid
1643 953 1716 1010 euim
1729 967 1811 1007 secun

197 1051 273 1116 talis,
299 1063 358 1120 qum
381 1055 489 1118 propter
509 1054 625 1100 uestram
650 1041 837 1097 mortalitatem
860 1045 984 1109 suscepta
1035 1039 1098 1095 dum
1121 1056 1229 1098 carnem
1249 1051 1276 1098 et
1293 1058 1355 1099 cunr
1376 1060 1457 1100 carne
1471 1046 1553 1101 intrat
1577 1049 1603 1100 in
1621 1042 1816 1102 euerristusi

200 1149 260 1207 est;
288 1137 471 1193 indumentum
495 1135 563 1203 boc,
588 1131 659 1205 quod
687 1131 835 1187 humilitate
867 1130 983 1201 suscepi,
1035 1130 1187 1188 Secundum
1205 1133 1370 1191 divinitatem
1381 1136 1500 1207 possidet
1513 1152 1560 1194 cor
1579 1136 1749 1193 :secundum
1763 1151 1811 1191 car·

199 1228 333 1300 incipiatis
356 1241 409 1282 non
432 1225 522 1281 uidere
550 1241 558 1279 r
582 1223 684 1279 leretur
708 1231 797 1279 mmort
824 1220 852 1275 in
874 1220 983 1276 coelum.
1035 1239 1097 1279 nem
1118 1240 1166 1295 per
1178 1226 1271 1282 oculus
1285 1227 1400 1298 loquitur
1411 1230 1444 1285 ad
1465 1245 1522 1297 cor,
1540 1238 1568 1285 et
1587 1229 1715 1286 admouet
1734 1227 1815 1295 loras;

199 1331 229 1377 ut
241 1320 351 1376 discatis
362 1316 424 1389 quid
437 1316 559 1385 speretis.
573 1313 632 1371 Non
646 1313 716 1370 enim
730 1309 830 1368 dimisit
842 1309 886 1366 hic
900 1311 985 1382 ipsam
1036 1316 1159 1375 babitans
1175 1320 1255 1389 intus,
1272 1333 1300 1379 ut
1313 1324 1424 1380 interius
1437 1340 1487 1381 nos
1499 1335 1704 1391 convertamur,
1717 1323 1816 1381 arciri.

200 1412 335 1478 tunicam,
359 1424 437 1480 qnam
453 1406 591 1464 lricroluit
610 1405 691 1460 indui.
714 1403 782 1461 Nam
804 1403 827 1459 si
851 1403 894 1459 bic
913 1401 986 1459 illam
1036 1402 1190 1466 icernurex
1203 1412 1279 1482 ipso,
1301 1422 1330 1470 et
1347 1415 1492 1471 formemur
1508 1430 1542 1472 er
1564 1417 1640 1488 ipso;
1664 1413 1816 1487 quialorua

199 1502 355 1567 dimisisset,
376 1499 549 1571 desperarent
562 1510 656 1552 omnes
672 1494 706 1551 de
720 1493 914 1550 resurrectione
927 1508 987 1550 car·
1036 1507 1079 1555 est
1092 1501 1209 1556 omnium
1224 1503 1387 1560 qnqabchaqq,

200 1594 252 1649 nis.
272 1590 433 1647 biodoenim
455 1588 553 1645 leuauit
566 1602 625 1643 eam
640 1587 667 1642 iu
687 1586 804 1655 ooelum,
825 1595 854 1641 et
867 1596 927 1642 sunt
941 1585 986 1658 qui
1044 1598 1046 1604 '
1072 1590 1098 1648 5.
1112 1588 1228 1648 Glrrirtur
1247 1604 1304 1666 port
1324 1597 1529 1652 commestionem
1546 1613 1603 1652 carn
1622 1596 1757 1670 discipulis
1772 1597 1818 1666 ogit

200 1686 323 1742 dubitent
334 1683 368 1739 de
380 1682 468 1738 caruis
481 1680 686 1759 resurectione.
706 1677 734 1735 Si
747 1678 817 1734 licus
830 1678 857 1733 iu
870 1678 986 1734 seillam
1037 1680 1284 1757 diesquodroginto,
1298 1696 1327 1741 ot
1340 1688 1464 1760 domitet
1480 1688 1649 1744 mesariam
1672 1688 1716 1743 laic
1730 1703 1818 1759 temper

200 1777 333 1839 ostendit,
357 1772 456 1828 bomini
478 1780 621 1844 negaturus
644 1776 686 1826 est
706 1768 801 1825 illumi
823 1769 896 1825 Deus
914 1768 987 1824 enim
1037 1773 1114 1844 fidem
1136 1773 1332 1834 lurorrmtionir.
1354 1779 1427 1852 E'go
1445 1774 1470 1836 'si
1492 1780 1670 1852 quadraginta
1689 1778 1748 1836 dies
1764 1778 1818 1834 lecit

203 1872 306 1941 accepit
320 1868 391 1922 illam
406 1865 596 1930 miseratione,
618 1863 699 1919 bomo
717 1871 804 1918 autem
825 1861 987 1919 conditione.
1037 1880 1097 1921 cum
1109 1865 1246 1939 discipulis
1256 1869 1394 1940 suis,uou
1411 1871 1469 1928 sine
1481 1887 1560 1927 causa
1575 1871 1752 1943 quadraginta
1768 1869 1817 1924 dica

200 1961 236 2017 lit
250 1970 336 2015 tamen
351 1957 468 2014 ostendit
482 1956 566 2022 illam,
580 1954 750 2011 confirmarit
763 1953 835 2023 illos,
850 1961 878 2009 et
888 1952 987 2010 levarit
1038 1954 1111 2012 lecit.
1126 1958 1206 2015 Forte
1217 1958 1372 2018 sulllcerent
1389 1963 1499 2034 uiginti,
1520 1963 1679 2020 suiiicerenr
1699 1962 1816 2033 triginta:

200 2051 285 2108 illam.
297 2049 432 2106 Subducto
444 2056 533 2104 auteur
546 2047 580 2103 ab
591 2045 676 2102 oculis
687 2045 787 2101 carnali
800 2052 919 2116 aspectu,
930 2043 986 2116 jam
1038 2049 1210 2122 quadraginta
1223 2052 1280 2109 dies
1294 2053 1458 2125 dispensatio
1471 2064 1514 2112 est
1525 2056 1607 2112 totius
1624 2055 1708 2126 bujus
1727 2052 1816 2110 monii
1858 2066 1860 2119 q

204 2144 243 2199 ilii
257 2143 392 2198 bominem
405 2157 458 2197 uon
471 2139 602 2196 uiderunt.
617 2138 646 2194 Si
660 2136 723 2209 quid
736 2144 794 2194 erat
813 2136 840 2191 iu
863 2134 989 2192 cordibus
1038 2140 1187 2212 Aliquando
1200 2143 1261 2200 inde
1276 2146 1447 2201 tractavimus
1461 2155 1569 2218 proptor
1579 2147 1722 2202 demptum
1732 2161 1817 2202 nm.
1857 2156 1860 2271 Ι

201 2250 295 2292 eorum
310 2243 422 2289 tractum
436 2232 470 2289 de
484 2230 616 2288 desiderio
627 2228 740 2295 carnali,
757 2229 832 2300 quasi
845 2229 988 2284 contrista·
1039 2247 1098 2287 rum
1118 2243 1212 2304 quator
1229 2234 1349 2290 ductum.
1368 2237 1556 2293 Commemoro
1570 2253 1619 2293 ros
1637 2237 1687 2309 qui
1708 2237 1815 2293 audatia
1857 2274 1860 2301 ,

202 2335 258 2381 turn
279 2335 320 2382 est
333 2326 359 2380 in
375 2325 449 2396 ipsiu.
476 2321 633 2393 congregati
654 2331 716 2376 sunu
737 2321 872 2377 tamenin
893 2335 987 2389 uuum,
1041 2323 1393 2384 benariusenimnumerus
1411 2337 1493 2384 totam
1508 2329 1668 2400 sapientiam
1685 2329 1815 2402 signidem
1857 2304 1860 2411 Ι

202 2424 230 2474 ει
243 2427 380 2488 coeperont
401 2430 489 2470 orare.
517 2413 564 2469 ille
588 2420 678 2468 autem
700 2411 829 2467 missurus
851 2416 909 2466 erat
928 2420 990 2482 post
1039 2413 1102 2470 llaec
1124 2415 1254 2485 sapientia
1276 2415 1428 2489 dispensata
1461 2427 1502 2476 est
1525 2435 1574 2490 per
1600 2431 1719 2490 quatuor
1740 2429 1818 2491 partas

204 2508 285 2565 istum
307 2508 399 2564 decern
420 2506 516 2562 diebus
535 2504 698 2577 interpositis
712 2503 839 2574 Spiritum
856 2513 988 2572 sanctum,
1040 2506 1142 2571 mundi,
1157 2523 1204 2578 per
1217 2516 1302 2564 toturn
1314 2511 1406 2566 orbem
1424 2520 1554 2567 terrarum
1572 2523 1618 2568 :et
1630 2520 1753 2584 tempora
1764 2526 1819 2583 qua-

202 2609 233 2655 ιιι
254 2598 367 2669 Spiritus
391 2607 498 2652 sanctus
521 2596 644 2667 impleret
664 2608 711 2651 eos
734 2608 826 2650 amore
849 2593 989 2666 spirituali,
1040 2598 1147 2656 drilaria
1164 2600 1338 2673 dispositione
1356 2601 1555 2674 dispertiuntur.
1573 2602 1641 2659 Nam
1656 2619 1745 2660 annus
1763 2617 1818 2674 qm.

203 2691 326 2748 aulerens
346 2689 385 2746 eis
408 2687 539 2745 desideria
559 2685 684 2743 carnalia.
713 2683 838 2741 Faciebat
867 2699 915 2741 eos
934 2684 990 2756 jam
1042 2697 1101 2744 tuor
1112 2697 1232 2761 tempora
1246 2691 1324 2748 babet
1338 2703 1384 2748 :et
1394 2692 1508 2749 mundus
1518 2703 1632 2765 quatuor
1644 2693 1768 2750 cardines
1777 2692 1819 2747 ba·
1858 2684 1860 2691 ’

203 2783 244 2839 sic
263 2781 410 2852 intelligere
423 2779 559 2835 Christum
579 2776 713 2849 quomodo
727 2786 786 2833 erat
799 2775 916 2833 Verbum
931 2775 989 2844 bei,
1041 2771 1096 2834 bet.
1110 2779 1208 2836 berem
1222 2797 1285 2853 ergo
1299 2791 1391 2853 quater
1404 2783 1475 2840 ducti
1486 2785 1728 2856 quadragenarium
1739 2800 1821 2841 nume·

204 2875 275 2930 licus
288 2871 358 2943 apud
372 2873 474 2936 Deum,
494 2885 541 2940 per
554 2867 625 2939 quod
646 2868 713 2922 lacta
732 2875 795 2922 sunt
813 2867 912 2922 omnia.
932 2865 991 2921 Nou
1041 2884 1100 2924 rum
1111 2868 1218 2926 babent.
1232 2871 1294 2927 ldco
1305 2883 1392 2928 autern
1411 2874 1583 2944 quadraginta
1599 2875 1696 2930 diebus
1703 2873 1822 2946 ieiunarit
1858 2894 1860 2899 s

204 2974 293 3022 auteur
311 2972 420 3035 possent
441 2961 544 3032 impleri
569 2959 612 3014 lali
633 2958 780 3023 intellectu,
806 2957 858 3013 nisi
879 2956 992 3012 carnalis
1042 2957 1169 3016 Dominus
1181 2959 1285 3035 (lloltlr.
1297 2979 1334 3030 rr,
1346 2961 1817 3036 2),ostendensnobisabsriqenqa.

207 3056 325 3113 ebaritas
338 3055 371 3110 ab
392 3068 484 3109 eorum
498 3051 582 3107 oculis
602 3049 779 3106 discessisset.
795 3049 829 3105 Et
842 3049 903 3105 ideo
914 3048 990 3117 dixit,
1041 3048 1076 3105 ab
1088 3051 1161 3107 omni
1172 3053 1343 3125 corruptione
1356 3069 1415 3110 esse
1429 3054 1527 3112 debere
1545 3054 1687 3124 lidclibus,
1703 3053 1819 3128 quamdiu

206 3147 239 3204 δῖ
255 3163 295 3201 ”¹⁶
309 3145 466 3218 dffllllflll'i·
489 3142 645 3215 immisto
665 3142 724 3212 ΨΜ
743 3158 772 3196 00
785 3141 856 3212 “llud
868 3139 991 3204 Parem·
1042 3151 1105 3200 sunt
1117 3148 1153 3200 in
1172 3145 1223 3202 boc
1241 3145 1350 3202 mundo.
1370 3146 1549 3220 Quadraginta
1565 3147 1682 3214 diebus,
1703 3148 1822 3221 ieiunarit

207 3238 327 3310 quonium
347 3235 426 3290 Poler
447 3234 530 3304 nrar'or
548 3249 587 3288 me
610 3242 656 3288 est.
680 3230 831 3289 Secundum
856 3230 991 3287 bominem
1042 3235 1115 3292 Elias
1128 3236 1172 3310 (lli
1186 3236 1250 3310 Req.
1265 3237 1374 3304 nundi,
1387 3248 1495 3309 gestans
1507 3255 1650 3310 personam
1669 3240 1821 3313 hopbeda,

205 3329 292 3401 major
310 3343 353 3383 me
372 3337 429 3395 est,
455 3326 564 3399 aequalis
586 3325 731 3382 secumdum
751 3325 835 3381 Deum
854 3342 861 3379 :
882 3324 992 3396 aequalis
1043 3326 1186 3383 ostendeus
1199 3328 1259 3398 qnia
1277 3339 1305 3383 et
1316 3329 1340 3382 in
1354 3329 1496 3399 Proplretia
1510 3329 1561 3386 boc
1572 3329 1697 3387 docetur.
1713 3331 1823 3402 Quadra·

205 3421 350 3480 secundum
364 3429 500 3485 naturam,
514 3416 600 3488 major
611 3416 755 3472 secundum
768 3415 828 3472 Filii
839 3415 991 3471 misericor·
1042 3417 1114 3488 ginta
1126 3417 1221 3474 diebus
1230 3419 1359 3491 jejunarit
1373 3419 1477 3493 blopses
1488 3420 1583 3492 (deod.
1599 3437 1697 3492 xxrrr,
1710 3422 1757 3495 98)
1768 3418 1824 3493 ,qul

206 3516 287 3573 diam.
312 3512 467 3570 llumiliarit
486 3510 557 3566 enim
578 3525 656 3575 eum,
680 3524 733 3563 non
754 3507 820 3563 inlra
836 3523 865 3563 se
878 3516 991 3574 tantum,
1043 3509 1151 3581 gerebat
1163 3525 1304 3581 personam
1319 3512 1413 3584 Legis,
1426 3513 1570 3569 ostendens
1589 3515 1652 3585 qnia
1672 3522 1703 3572 er
1724 3517 1753 3571 in
1763 3515 1824 3586 Lego

206 3606 254 3664 sed
267 3615 295 3662 et
308 3603 376 3660 inira
391 3602 516 3676 Angelos,
531 3602 599 3656 sicut
611 3599 745 3670 Scriptura
758 3598 823 3654 dicit
835 3596 920 3671 (Psoi.
934 3612 990 3663 vrrr,
1044 3599 1095 3657 iroc
1115 3601 1236 3658 docetur.
1256 3601 1433 3675 Quadraginta
1450 3604 1527 3659 annis
1540 3605 1635 3662 duetus
1656 3615 1700 3665 εει
1720 3608 1825 3680 popolus

207 3699 247 3772 6).
272 3698 330 3754 Nou
351 3706 393 3754 εει
416 3697 522 3762 miuor;
547 3702 574 3750 et
594 3692 616 3748 si
641 3692 804 3763 aliquantum
825 3690 993 3760 susceptione
1043 3688 1125 3778 lsrael
1137 3693 1163 3747 in
1174 3707 1265 3748 ercmn
1277 3692 1370 3767 (llum.
1385 3710 1468 3761 narr,
1481 3694 1536 3766 la).
1548 3695 1731 3769 Quadraginta
1741 3698 1825 3755 diebus

207 3790 297 3847 carnis
308 3789 342 3844 ab
356 3786 506 3859 aequalitate
521 3784 609 3842 Patris
622 3783 717 3840 ridetis
730 3783 874 3840 recessisse
884 3782 991 3850 Filium,
1043 3799 1107 3840 arca
1121 3783 1147 3839 in
1160 3785 1259 3840 diluvio
1276 3784 1421 3851 ductuarit,
1435 3802 1494 3856 quae
1507 3803 1570 3843 arca
1583 3787 1708 3847 Ecclesia
1721 3800 1764 3850 est
1775 3810 1783 3825 ·
1796 3791 1824 3847 ii·

207 3880 279 3937 uude
306 3893 438 3948 nunquam
471 3876 572 3932 recedit
597 3892 604 3929 :
627 3874 675 3931 sed
698 3873 852 3945 accipiendo
883 3888 993 3930 caruem
1043 3876 1413 3948 gnisimputribilibnslacta;
1427 3880 1495 3951 ligna
1511 3880 1684 3950 imputribilia
1699 3893 1763 3939 suut
1775 3883 1825 3939 aoi-

207 3969 322 4041 (accepit
334 3969 404 4024 enirn
419 3967 576 4038 bominem),
592 3980 644 4021 non
658 3973 774 4020 nrutatus
785 3972 836 4020 est.
855 3964 993 4035 Quomodo
1043 3982 1096 4022 rure
1108 3975 1260 4023 sanctorum
1273 3975 1300 4023 ct
1314 3967 1445 4039 justorum
1462 3987 1469 4025 ε
1486 3969 1587 4027 habeus
1601 3978 1694 4027 uruca
1709 3973 1825 4029 animala

207 4062 253 4133 qui
265 4061 359 4129 accipit
368 4045 480 4125 vestem,
492 4074 544 4112 non
559 4057 670 4112 vertitur
683 4057 710 4112 in
722 4064 835 4123 restem,
845 4055 892 4111 scd
904 4063 994 4113 manet
1045 4057 1142 4114 munda
1152 4067 1178 4114 ct
1190 4059 1341 4127 immunda;
1352 4060 1413 4131 quia
1423 4060 1548 4131 quamdiu
1563 4062 1662 4118 vivitur
1673 4063 1701 4120 in
1715 4065 1768 4122 boc
1779 4082 1825 4122 se·

208 4155 267 4224 ipse
285 4153 387 4222 integer
400 4150 481 4204 bomo
503 4148 573 4203 iulus
588 4164 596 4202 t
610 4154 638 4202 et
659 4145 682 4201 si
696 4155 803 4202 senator
822 4146 933 4217 accipiar
947 4163 994 4205 ve-
1044 4150 1104 4205 culo
1115 4158 1143 4206 et
1157 4166 1204 4221 per
1216 4151 1378 4222 baptismum
1394 4161 1518 4225 tanquam
1532 4168 1580 4225 per
1592 4153 1725 4213 diluvium
1744 4159 1823 4214 ficem

208 4255 277 4302 stem
292 4242 431 4306 servilem,
445 4240 467 4294 si
488 4239 556 4296 lorte
571 4252 623 4294 nou
638 4244 725 4309 potest
739 4237 839 4294 intrare
851 4236 884 4292 ad
898 4251 995 4294 conso·
1044 4241 1082 4297 sia
1094 4250 1232 4313 purgatur,
1248 4258 1301 4299 non
1315 4251 1402 4314 potest
1414 4243 1466 4299 uisi
1479 4244 1578 4301 babere
1589 4244 1678 4303 bonos
1690 4257 1721 4304 et
1730 4249 1826 4305 malou

208 4335 316 4392 landum
339 4333 452 4404 aliquem
475 4330 501 4385 iu
524 4343 631 4386 carcere
654 4328 831 4400 compeditum
851 4343 910 4385 curu
935 4330 993 4403 ipsa
1044 4332 1104 4388 ideo
1113 4333 1225 4389 areailla
1235 4342 1262 4388 et
1273 4335 1369 4390 munda
1378 4347 1405 4391 et
1415 4335 1548 4390 immunda
1559 4335 1751 4396 babebaeSed
1762 4347 1826 4410 porr·

209 4427 342 4486 senatoria
357 4436 450 4493 reste,
475 4423 571 4494 accipit
597 4421 716 4478 habitum
736 4422 867 4490 carceris,
889 4422 994 4480 ridetur
1044 4437 1156 4494 eaquam
1180 4423 1260 4478 exivit
1275 4424 1335 4480 inde
1350 4424 1426 4492 Noe,
1444 4441 1497 4481 non
1517 4424 1580 4481 lecit
1593 4427 1758 4485 sacdlcium
1776 4427 1825 4485 bor

210 4520 333 4578 sordidus
346 4518 453 4574 babitus
466 4533 513 4587 per
527 4515 736 4580 humanitatem
757 4514 804 4571 sed
823 4517 893 4571 intus
905 4523 994 4573 manet
1044 4514 1095 4569 uisi
1109 4515 1143 4570 de
1154 4513 1259 4569 mundis
1273 4514 1429 4570 animalibus
1441 4513 1517 4586 (Gen.
1531 4520 1644 4588 ιι-ιιιι).
1661 4515 1741 4575 [iride
1753 4519 1825 4575 deae

210 4611 325 4684 dignitas
338 4609 470 4666 senatoria
482 4617 556 4663 tanto
566 4606 649 4678 magis
662 4607 772 4677 integra,
783 4615 881 4679 quanto
893 4607 994 4678 majore
1044 4620 1104 4660 mus
1116 4604 1263 4676 intelligere
1276 4605 1336 4676 quia
1348 4605 1376 4660 iu
1387 4620 1448 4661 arca
1462 4606 1509 4660 ista
1523 4617 1549 4660 ot
1563 4608 1665 4663 nrnuda
1676 4617 1704 4665 et
1719 4609 1826 4665 immun·

211 4696 391 4763 misericordia
413 4701 498 4757 voluit
519 4698 591 4772 quod
612 4697 768 4754 humilitatis
792 4706 850 4754 erat
873 4698 992 4756 iuduere.
1044 4694 1078 4751 da
1091 4696 1214 4752 animalia
1227 4705 1297 4764 sunt,
1310 4695 1357 4752 sed
1369 4697 1563 4768 posrditminm
1577 4701 1658 4755 istum
1671 4719 1726 4758 uon
1738 4701 1824 4773 accipit

210 4799 256 4857 Sic
269 4808 297 4854 et
310 4795 437 4853 Dominus
451 4808 562 4850 manens
574 4792 654 4861 licus,
672 4805 782 4846 maneus
794 4786 920 4855 Verbum,
936 4807 994 4847 ma·
1046 4787 1118 4844 Deus
1130 4788 1181 4845 nisi
1195 4803 1242 4843 eos
1259 4788 1302 4859 qui
1322 4794 1352 4844 s'e
1367 4789 1569 4844 mundaverunt.
1590 4791 1663 4862 Ergo
1684 4803 1770 4851 totum
1782 4794 1827 4850 boc

212 4905 279 4948 nens
303 4887 441 4959 sapientia,
467 4897 577 4941 mancus
598 4884 682 4938 uirtus
704 4881 810 4947 divina,
834 4897 945 4938 manens
967 4883 994 4939 in
1046 4886 1150 4948 lcrnpus
1163 4879 1233 4949 quod
1247 4878 1358 4944 ridetur,
1374 4879 1480 4943 iratres,
1491 4894 1539 4949 pro
1550 4880 1727 4955 quadraginta
1738 4887 1825 4944 dream

212 4980 404 5055 gubernatione
425 4977 565 5041 ooelorum,
587 4990 697 5030 manens
719 4973 745 5029 iu
768 4973 996 5032 administratione
1046 4967 1180 5025 habetote.
1203 4970 1297 5024 Tutum
1318 4970 1369 5026 lruc
1387 4976 1505 5040 tempus,
1525 4973 1655 5042 quamdin
1668 4977 1711 5032 bic
1725 4992 1825 5045 sumus,

212 5084 364 5136 terrarum,
386 5069 500 5139 implens
511 5065 644 5138 Angelos,
665 5074 735 5120 totus
749 5064 862 5135 ubique,
882 5074 954 5121 torus
967 5066 994 5122 in
1046 5077 1108 5118 area
1121 5071 1163 5118 est
1181 5063 1208 5119 in
1227 5063 1326 5119 diluuio
1340 5081 1347 5118 :
1360 5063 1486 5133 quamdiu
1503 5063 1673 5136 baptizantur
1691 5067 1826 5126 cbrisdmi

184 5147 187 5151 ⁴
212 5161 324 5228 mundo,
338 5168 408 5215 totus
421 5158 446 5214 in
456 5156 627 5222 Patriarairis,
641 5164 711 5210 totus
723 5154 749 5209 iu
759 5154 909 5227 Prophetis,
926 5166 996 5213 totus
1047 5164 1075 5212 ot
1088 5170 1241 5227 peraquam
1255 5155 1425 5223 mundantur,
1439 5166 1530 5214 natare
1543 5156 1650 5214 ridetur
1663 5176 1726 5218 arna
1746 5164 1772 5220 in
1783 5162 1825 5219 qq,

213 5253 240 5312 in
253 5251 376 5309 omuibus
387 5249 496 5317 sanctis,
510 5255 581 5302 totus
593 5245 619 5300 in
633 5253 709 5302 utero
719 5245 855 5317 Virginis,
869 5247 901 5302 ad
916 5248 994 5304 indu·
1048 5247 1152 5313 ctibus,
1168 5262 1227 5318 qum
1248 5247 1419 5319 quadragina
1433 5249 1525 5306 diebus
1542 5250 1569 5305 in
1583 5265 1653 5325 aqua
1668 5256 1824 5312 remobomr.

213 5344 311 5403 ondam
323 5356 440 5406 carnem,
451 5339 485 5396 ad
495 5337 705 5409 coniungendam
717 5337 769 5393 sibi
782 5346 906 5411 tanquam
918 5355 998 5411 spon-
1050 5337 1178 5394 [lominus
1191 5348 1280 5393 autem
1302 5354 1412 5396 manens
1424 5355 1485 5396 curn
1504 5341 1641 5413 discipulis
1654 5360 1706 5416 per
1718 5347 1822 5420 quadra

214 5449 288 5501 sam,
301 5441 331 5489 ut
347 5430 504 5503 procederet
519 5429 554 5486 de
575 5428 691 5485 thalamo
703 5443 896 5501 suosponsus,
909 5443 938 5487 ιιι
951 5431 998 5487 de·
1049 5430 1121 5501 ginta
1142 5429 1218 5498 dies,
1233 5429 1382 5502 siguificare
1403 5431 1525 5505 dignatus
1546 5442 1588 5489 est
1607 5436 1671 5507 quia
1697 5453 1745 5508 per
1765 5438 1823 5492 istud

216 5533 356 5596 spumaret
367 5521 512 5580 Ecclesiam
527 5521 655 5593 virginem
675 5529 786 5576 castam.
808 5522 848 5577 rid
865 5522 917 5578 boc
935 5539 998 5595 ergo
1051 5531 1154 5592 tempus
1177 5522 1327 5578 neccessarie
1349 5531 1392 5578 est
1409 5523 1532 5581 omnibus
1555 5523 1623 5582 lides
1645 5526 1824 5584 lucamalionir

219 5617 409 5686 miuorPatre,
421 5615 482 5686 quia
495 5613 576 5672 bomo
589 5631 596 5668 :
611 5611 719 5701 aqualis
732 5620 820 5671 autern
833 5612 920 5683 Patri,
935 5616 996 5688 quia
1051 5613 1148 5672 eluisti
1170 5632 1178 5668 ε
1198 5629 1257 5685 qum
1277 5615 1386 5673 inlrnnis
1405 5624 1445 5673 est
1463 5619 1623 5676 necessaria.
1646 5620 1678 5679 Si
1695 5632 1765 5681 esser
1781 5621 1826 5682 ian
