3750 6270
195 233 277 316 'snit
824 247 854 309 s.
874 233 1226 307 nnnumntsrrscort
1537 264 1543 271 ·
1783 252 1847 315 ιιι

207 363 356 429 dertrnuritl
374 370 538 444 Respondit:
551 367 646 438 Nemo,
674 367 792 425 Domine.
814 365 870 424 nee
886 384 944 443 epo,
961 366 1002 422 in·
1053 361 1161 434 tpttndo
1179 362 1340 434 inpetrare,
1355 361 1600 434 aliquandotristes
1611 361 1772 424 immune.
1787 367 1847 436 Quis

208 461 276 534 quit,
298 472 321 518 tc
330 463 455 518 damnabo
468 478 477 517 :
489 461 561 531 rode,
581 471 606 518 et
622 460 740 533 deinceps
754 459 812 532 jorn
824 455 878 514 noti
899 472 1002 529 peceme
1050 454 1136 510 'uellet
1148 454 1205 511 hee
1214 455 1271 524 pati
1283 455 1333 510 nisi
1350 454 1528 527 coementes?
1541 456 1724 525 Dimittuntur,
1738 472 1793 514 nott
1805 459 1846 516 ills

213 553 303 628 (rm,
318 571 374 621 vm,
389 555 477 626 ιιι),
901 594 904 603 ,
1053 548 1195 619 patiantur,
1217 561 1297 603 neno
1319 559 1369 603 nos
1386 556 1557 620 oonttzecce
1577 549 1743 606 mocedstur
1757 548 1845 616 nobb,

243 645 357 704 CAPUT
375 644 445 702 xvi.
460 675 495 688 -
509 645 554 704 ts.
568 645 664 702 llttttn
678 661 730 701 non
743 643 847 712 miiitio,
863 642 908 698 red
927 641 1002 698 ntuli·
1052 639 1201 697 datenobis
1213 638 1382 711 lerinshulus
1395 639 1591 712 rennogsnrm
1603 641 1846 708 machaeram

210 735 247 791 tio
270 736 346 792 bonor
358 753 412 793 esre
432 753 483 792 non
504 737 574 793 sinit.
588 735 745 792 Teioneoriit
764 735 826 808 prid
837 743 1000 806 preceptum,
1052 747 1118 800 rus,
1129 748 1210 789 nemo
1219 748 1271 789 nos
1283 742 1362 804 cogat
1375 749 1383 789 r
1398 732 1634 791 uolumushabere
1647 733 1845 792 numeneus

80 833 88 848 ·
208 825 272 896 quid
285 826 417 882 unientis.
440 827 493 887 Sed
517 835 590 883 tanta
608 824 674 883 milti
697 826 758 883 lecit
772 826 848 882 miles
861 825 921 880 iste.
939 823 1001 882 Vel·
1052 823 1844 895 potestatibusnovittltequiacopimur.nttpsaspomnen

209 915 263 971 lent
277 931 374 979 nosse,
389 917 411 972 si
431 917 576 985 militares,
596 924 686 972 utrum
710 915 807 972 similia
822 931 875 971 non
886 913 1000 971 iaceres.
1051 911 1091 968 sic
1101 912 1230 969 habemns
1241 955 1249 980 ,
1261 912 1395 985 quomodo
1408 913 1575 970 Christianos
1588 913 1690 972 babere
1702 914 1843 986 domu,

208 1007 265 1064 Nec
277 1009 400 1065 volumus
423 1009 485 1065 talia
500 1008 556 1064 lieri
569 1023 585 1064 a
597 1008 745 1075 militibus,
760 1007 857 1080 quibus
869 1021 1001 1078 pauperes
1051 1004 1074 1062 si
1082 1002 1247 1061 Christianos
1259 1005 1286 1061 in
1296 1004 1389 1061 eadem
1400 1014 1532 1078 potestate
1545 1006 1715 1076 invenirem
1728 1015 1757 1065 et
1767 1008 1843 1082 rapo

192 1096 396 1172 'opprimuntur
412 1118 419 1156 ε
434 1101 558 1158 volumus
570 1112 599 1157 et
617 1101 690 1171 ipsos
704 1100 798 1157 audire
812 1100 999 1172 Evangelium.
1051 1107 1119 1161 nos,
1142 1094 1277 1167 quomodo
1299 1094 1421 1167 Papanos
1440 1095 1540 1153 habere
1560 1096 1710 1166 debemus;
1725 1101 1841 1159 otouihrts

206 1176 266 1270 don
281 1193 353 1248 enim
367 1191 527 1249 benefacere
541 1192 665 1264 prohibet
677 1191 788 1257 militia,
806 1191 853 1250 sed
866 1191 967 1248 malitia
979 1191 999 1244 ¹.
1051 1185 1121 1242 bona
1137 1188 1267 1244 tolentes.
1282 1186 1335 1244 Sed
1355 1203 1497 1258 moneam,
1513 1188 1615 1261 inquit.
1639 1199 1841 1263 poleststemt

208 1281 353 1338 Venientes
363 1292 452 1339 autem
465 1283 564 1339 milites
574 1282 775 1354 adbaptismum
785 1280 1002 1351 ioannis‚dite·
1050 1275 1119 1333 bona
1145 1277 1252 1334 iaciant.
1282 1276 1366 1336 Vobis
1389 1281 1564 1351 presentibus
1584 1281 1718 1339 monitori
1736 1284 1841 1342 suntsi

208 1380 271 1429 tunt
281 1391 288 1428 :
300 1372 334 1428 Et
347 1374 410 1445 quid
422 1390 468 1428 nus
482 1375 624 1446 iaciemus?
643 1373 688 1428 nit
712 1373 765 1430 iilis
789 1373 906 1430 ioannes
920 1392 927 1431 t
942 1372 1000 1430 Ne·
1051 1366 1145 1435 Sedis,
1161 1370 1183 1425 δί
1202 1368 1371 1426 monuimus?
1383 1369 1517 1440 Nescitis,
1536 1371 1594 1429 site
1608 1371 1775 1441 incrinus,
1788 1375 1840 1432 titt

208 1467 304 1521 nrinent
327 1465 521 1530 consumentis,
539 1465 604 1519 nulii
623 1464 776 1519 columniam
789 1465 915 1538 ferentin·
928 1463 1000 1537 tupi·
1050 1475 1105 1517 nun
1119 1461 1271 1518 fecerimus.
1290 1461 1348 1518 iios
1372 1462 1453 1532 noti,
1476 1464 1537 1535 quia
1557 1464 1690 1532 nescitis,
1703 1474 1733 1523 st
1746 1475 1840 1525 mett

206 1556 257 1612 rint
281 1555 350 1610 robis
370 1555 524 1626 stipendium
546 1564 665 1610 oestrum.
692 1555 825 1622 littere,
850 1553 1001 1622 iratres‚si
1047 1550 1183 1624 judicatis.
1197 1553 1308 1622 tannen,
1323 1553 1690 1624 iratresmeimbseeroros,
1704 1557 1741 1615 de
1764 1569 1838 1631 pote-

206 1648 275 1704 tales
287 1660 377 1704 essent
389 1648 505 1714 milites,
520 1646 582 1703 sciit
597 1656 670 1703 esset
681 1647 739 1717 ipsa
753 1646 917 1718 respublica.
1052 1643 1168 1699 statibus
1180 1651 1268 1715 potest
1277 1644 1546 1703 mihidici:lloneret
1556 1646 1680 1715 illum,et
1692 1647 1762 1706 bont
1776 1650 1841 1707 laee-

242 1738 356 1795 cnrut
375 1737 456 1794 xvn.
466 1768 502 1779 -
518 1737 570 1793 Sed
583 1753 637 1793 non
652 1737 739 1793 solum
755 1736 833 1794 miles
846 1736 998 1805 talisesset,
1049 1742 1102 1792 ret.
1116 1734 1151 1790 Et
1170 1735 1321 1808 respondeo
1332 1751 1383 1809 ego
1394 1736 1516 1808 theoni,
1530 1739 1577 1795 sed
1592 1755 1648 1797 oon
1668 1756 1714 1799 roe
1733 1743 1838 1800 audivit

204 1829 254 1887 snd
267 1836 294 1885 ct
309 1828 468 1884 telonearius
491 1829 551 1883 tulis
564 1836 646 1893 esset,
666 1827 753 1899 qualis
773 1827 808 1882 ibi
828 1827 998 1884 describitur.
1049 1825 1085 1884 Et
1094 1827 1129 1883 ibi
1141 1828 1247 1895 monui,
1264 1829 1308 1885 ubi
1321 1839 1348 1886 tu
1361 1844 1413 1886 non
1434 1830 1543 1888 sudisti.
1559 1833 1695 1905 Populum
1714 1836 1839 1908 ipulsttro·

203 1919 273 1980 litun
285 1919 410 1977 dixerunt
423 1920 448 1976 ei
464 1919 616 1992 publicani,
632 1919 724 1986 idest,
739 1919 896 1975 telonearii:
910 1918 999 1975 lituos
1048 1929 1096 1977 net
1108 1921 1135 1976 in
1150 1921 1245 1992 portel
1262 1922 1308 1978 Vel
1323 1923 1457 1993 potuimus
1470 1939 1553 1980 unum
1570 1924 1711 1984 homitrem
1730 1928 1758 1984 in
1770 1940 1838 2000 perte

204 2011 268 2084 quid
281 2011 423 2082 intimiori
441 2011 608 2082 Responsum
623 2021 663 2066 est
678 2027 685 2066 :
703 2009 779 2066 Niitii
788 2012 898 2083 arreptius
912 2013 1000 2083 enipe-
1048 2011 1213 2081 admonere,
1227 2022 1254 2070 et
1264 2014 1355 2072 dicere
1367 2033 1375 2071 :
1388 2014 1434 2073 Sic
1444 2031 1511 2087 age,
1525 2015 1569 2073 rel
1585 2018 1626 2074 sic
1638 2033 1708 2090 age,
1721 2018 1768 2077 nbi
1779 2020 1839 2077 aiios

204 2104 254 2168 tis,
269 2120 344 2173 quum
366 2104 528 2158 contriturum
548 2114 585 2158 est
597 2102 675 2158 tobis.
693 2100 839 2174 correptus
852 2112 894 2159 est
909 2103 997 2170 miles,
1030 2157 1033 2177 2
1049 2105 1137 2159 nullus
1148 2115 1229 2161 esset.
1245 2106 1309 2175 Quis
1320 2105 1539 2180 dncatpopnlum
1553 2109 1581 2164 itt
1595 2119 1714 2181 portem,
1726 2119 1757 2168 et
1772 2112 1837 2168 nullo

83 2234 87 2243 ‚
206 2204 346 2268 correptus
372 2205 415 2252 est
436 2195 777 2266 teloneariuszcnrrigntur
800 2205 828 2250 et
847 2194 999 2266 provincia·
1048 2195 1150 2252 sciente
1163 2205 1271 2253 moneat
1284 2198 1429 2269 populuml

203 2287 240 2345 lis
252 2288 302 2361 (a).
323 2287 411 2344 ilubes
437 2288 616 2343 universalem
635 2287 763 2344 directam
787 2287 992 2342 correctionem.
1085 2286 1129 2343 lt.
1143 2285 1360 2354 licitantem,
1372 2288 1408 2344 bit
1420 2289 1553 2346 doimdua
1568 2287 1620 2346 lsu
1632 2290 1785 2348 neuoesitas
1803 2291 1837 2366 (t)

205 2379 274 2448 Quid
284 2378 413 2434 lamemns
426 2378 537 2433 omnes?
554 2377 604 2445 Qui
623 2378 698 2434 boiet
717 2378 782 2432 dour
807 2377 917 2445 initient,
927 2394 998 2432 cont·
1048 2391 1099 2434 nus
1116 2379 1203 2450 coegit
1213 2378 1276 2434 talia
1289 2380 1365 2437 robis
1379 2380 1461 2452 loqui,
1476 2397 1511 2438 ne
1524 2381 1622 2438 malam
1634 2384 1770 2442 ratium
1782 2387 1839 2442 trd-

191 2469 314 2541 yrnnnieet
327 2486 384 2523 cunt
398 2486 449 2524 non
463 2468 587 2533 iobcrrte,·
604 2479 628 2523 et
642 2468 770 2540 quilebet
784 2484 867 2534 emur,
882 2468 999 2523 similiter
1047 2467 1143 2524 dumus
1163 2470 1216 2525 [leo
1228 2469 1263 2526 de
1277 2470 1354 2525 vobis
1365 2487 1373 2537 ;
1384 2485 1418 2526 ne
1432 2471 1535 2527 dicatur
1548 2471 1635 2541 nobis,
1650 2472 1692 2530 'itt
1709 2489 1838 2542 mom,

189 2560 192 2565 “
204 2562 284 2636 societ
298 2559 375 2633 (hnc.
387 2576 429 2628 ιιι,
453 2560 558 2631 tl-tlt.
572 2560 703 2616 Volumus
718 2568 747 2613 ut
768 2559 877 2615 audiunt
898 2557 997 2614 milites
1048 2566 1076 2614 tu
1089 2559 1177 2626 dares,
1189 2573 1239 2631 epo
1255 2560 1388 2632 erigerem
1406 2559 1481 2634 (hnc.
1495 2578 1551 2632 xit,
1562 2562 1621 2637 ιδ).

204 2651 277 2724 qnod
291 2651 417 2721 precepit
430 2648 568 2706 Christus:
584 2648 724 2705 nudinmus
738 2657 766 2705 et
779 2664 839 2705 nos.
850 2648 909 2704 Non
924 2647 997 2705 enirn
1084 2650 1197 2707 CAPUT
1215 2650 1274 2706 XX.
1288 2681 1324 2693 -
1337 2652 1456 2709 Auertite
1472 2668 1536 2725 ergo
1560 2668 1625 2722 ros,
1652 2668 1719 2727 ergo
1736 2656 1840 2713 omnino

200 2729 327 2799 ¹Christus
341 2742 393 2796 iliis
407 2751 465 2808 est,
478 2749 508 2797 et
517 2741 594 2797 nobis
607 2755 660 2795 non
673 2749 725 2796 est.
733 2738 833 2796 Omnes
846 2739 996 2807 audiamus,
1048 2744 1161 2799 evertite
1175 2757 1222 2799 tus
1233 2744 1268 2799 ab
1280 2743 1338 2799 istis
1352 2746 1469 2802 cruentis
1482 2746 1568 2802 luctis.
1579 2746 1638 2804 Non
1654 2748 1688 2805 ad
1701 2764 1752 2805 tos
1762 2752 1840 2822 perti·

204 2841 233 2890 et
244 2831 412 2888 cotteurditer
427 2832 452 2885 in
469 2846 534 2902 pace
547 2832 676 2886 rirnmus.
1048 2846 1120 2902 neat,
1136 2850 1197 2891 cum
1215 2837 1275 2891 tulin
1292 2836 1389 2893 vidctis
1403 2847 1429 2892 et
1449 2838 1558 2905 auditis,
1574 2840 1625 2895 nisi
1640 2841 1776 2898 misereri.
1791 2841 1839 2899 Sed

240 2922 354 2980 curiit
368 2922 461 2978 livill.
472 2951 508 2965 -·
523 2922 564 2978 tu.
579 2921 606 2975 N
608 2923 731 2994 epotiuter
743 2922 831 2990 {randi
844 2931 867 2976 et
880 2922 995 2994 periurio
1047 2926 1263 2981 malusmortuus
1272 2937 1323 2982 cst.
1335 2926 1519 2983 Bisdulendus
1530 2937 1570 2984 est
1579 2929 1658 3000 ;quis
1672 2939 1702 2986 ct
1714 2939 1838 2995 ιιοιιιιι,

204 3017 338 3075 obnoxius.
360 3016 395 3071 in
407 3017 487 3071 mulos
506 3032 557 3070 non
575 3017 681 3070 seviunt
704 3015 754 3069 niti
774 3013 846 3069 ntuli.
859 3011 997 3084 Oppressit
1047 3028 1075 3074 et
1088 3019 1183 3074 maius,
1195 3018 1239 3074 Bis
1252 3017 1399 3083 dolendus;
1413 3019 1475 3090 qnia
1488 3018 1529 3075 bis
1542 3029 1677 3087 mortuus,
1692 3030 1723 3079 et
1742 3031 1838 3096 tempo·

204 3125 263 3176 me,
278 3124 338 3165 cum
348 3122 435 3163 essem
451 3108 608 3177 negotiator.
620 3105 659 3161 Tu
678 3106 764 3176 ipsum
778 3105 914 3175 negotium
929 3104 998 3159 bene
1047 3109 1149 3175 raliter‚
1162 3120 1190 3165 ct
1201 3110 1227 3164 in
1241 3119 1381 3166 aeternnm.
1393 3110 1458 3166 liant
1480 3111 1504 3167 si
1521 3110 1608 3169 bonus
1623 3122 1749 3171 mortuus
1764 3125 1837 3183 a«,

203 3202 299 3277 egisti?
311 3199 340 3258 in
355 3202 413 3271 ipso
427 3199 534 3271 rtegotio
555 3197 674 3254 iraudern
688 3213 741 3254 non
761 3197 865 3254 iecistil
886 3195 915 3253 ln
938 3197 997 3268 ipso
1047 3200 1144 3256 allectu
1167 3201 1284 3258 humano
1298 3201 1464 3268 doleremus;
1479 3201 1541 3273 quin
1560 3202 1680 3260 desernit
1702 3219 1766 3272 nos,
1783 3208 1837 3279 qnia

205 3294 314 3366 negotio
327 3292 421 3347 laisum
437 3306 488 3345 non
509 3289 626 3359 jurasti?
640 3289 698 3344 Nun
722 3289 832 3358 dixisti,
851 3288 904 3346 Per
922 3288 997 3344 illurn
1047 3294 1202 3350 solebamus
1223 3310 1285 3349 eunt
1305 3293 1442 3350 nobiscnm
1463 3294 1563 3351 rivere.
1578 3293 1642 3351 hlud
1659 3296 1724 3368 plus
1738 3297 1837 3355 dolendi

202 3385 250 3456 nui
264 3399 307 3440 me
321 3382 434 3453 traiecit,
458 3397 506 3453 per
527 3381 614 3451 ipsum
639 3395 732 3446 mare,
754 3382 815 3451 quia
836 3379 901 3435 moti
924 3380 995 3448 enti,
1048 3393 1111 3440 sunt
1121 3401 1129 3448 ;
1140 3385 1200 3454 quia
1214 3395 1274 3456 post
1286 3384 1353 3439 itanc
1367 3384 1446 3439 ritnrn
1461 3400 1476 3439 a
1488 3385 1574 3456 poenis
1583 3388 1693 3443 uternis
1707 3389 1837 3462 excipiun-

202 3474 275 3546 «ιιοιι
291 3490 343 3529 ιιι
359 3473 423 3527 tanti
436 3470 543 3526 emistil
557 3469 682 3532 Fratres.
698 3469 759 3525 dico
773 3470 848 3526 vobis
858 3484 994 3539 expresse,
1047 3483 1101 3530 tur.
1117 3475 1213 3530 holere
1225 3490 1288 3547 ergo
1300 3473 1335 3529 ad
1349 3490 1397 3530 ros
1405 3475 1551 3546 pertineat,
1562 3473 1660 3532 iratres
1669 3478 1741 3546 mei;
1755 3478 1836 3535 dolere

203 3573 232 3620 et
246 3573 373 3635 quantum
389 3562 516 3617 llotrrinus
535 3561 634 3627 donat,
651 3559 734 3616 libere
749 3576 758 3616 t
772 3559 830 3615 Nun
843 3559 954 3615 seviunt
969 3559 996 3614 in
1046 3566 1080 3622 ad
1095 3581 1142 3622 vos
1154 3568 1295 3636 pertineat,
1315 3582 1367 3622 noir
1383 3568 1488 3622 servire.

209 3656 309 3722 ruinius,
326 3653 375 3709 nisi
388 3652 460 3707 muli.
475 3652 533 3707 lilin
546 3661 587 3708 est
602 3653 741 3722 potestatis
756 3655 916 3708 necessitas.
929 3649 995 3706 Nam
1082 3658 1197 3716 CAPUT
1215 3659 1378 3716 xxi-19.
1395 3659 1485 3715 civite,
1496 3660 1620 3716 rumano,
1630 3663 1834 3738 promemus.

209 3748 292 3820 initiet
314 3747 470 3817 plerumque
486 3745 589 3816 cogitur
600 3745 719 3800 eximere
730 3742 859 3813 gladium,
877 3752 904 3798 et
916 3741 997 3798 ierire
1045 3767 1096 3823 qne
1111 3769 1158 3823 pro
1173 3752 1267 3807 uiribus
1280 3752 1360 3807 debet.
1373 3751 1425 3808 Sed
1444 3767 1538 3823 parum
1550 3762 1602 3820 est,
1625 3764 1653 3810 ut
1666 3754 1735 3820 dixi,
1752 3773 1834 3827 parum

207 3842 312 3900 ntdens.
326 3840 458 3908 Quantum
482 3839 552 3894 eninr
572 3836 607 3891 ad
630 3837 716 3907 ipsum
742 3836 869 3907 pertinet,
891 3835 997 3890 volcbal
1047 3850 1090 3899 est
1102 3853 1128 3898 ut
1141 3858 1192 3898 nun
1203 3843 1313 3908 luciolis,
1323 3859 1416 3913 purum
1429 3853 1508 3899 estut
1520 3843 1644 3913 doleatis,
1654 3846 1708 3903 nisi
1721 3849 1799 3904 etiarn
1809 3865 1834 3903 ta

206 3946 315 3988 servare
336 3928 494 3983 sententiaro
521 3927 710 3983 incruentam:
730 3926 778 3982 sed
803 3928 891 3997 perire
912 3927 997 3982 noluit
1045 3951 1108 4007 qum
1118 3935 1151 3990 ad
1160 3935 1249 4006 populi
1259 3936 1393 4006 pertinent
1405 3944 1560 4004 potestatem
1571 3952 1620 4007 pru
1634 3938 1740 3995 viribus
1749 3941 1835 3998 restris

204 4022 275 4079 lnrte
287 4022 416 4094 publicam
436 4020 614 4092 disciplinam.
629 4018 763 4076 Pertinnlt
777 4019 881 4089 adeius
894 4018 996 4089 proies·
1047 4023 1219 4096 prohibeatis.
1232 4024 1290 4080 Nun
1304 4025 1374 4090 dico,
1390 4025 1497 4092 iratres,
1509 4026 1568 4096 quia
1582 4035 1672 4098 potest
1683 4029 1782 4102 aliquis
1796 4046 1835 4084 te·

203 4119 325 4182 sionem,
340 4114 375 4169 ad
396 4113 454 4184 ejus
476 4119 645 4183 potestatem,
668 4111 701 4166 ad
725 4111 783 4182 ejus
796 4111 993 4167 necessitatem.
1047 4127 1131 4172 strum
1146 4116 1220 4172 exire
1232 4125 1260 4172 ct
1271 4117 1397 4187 populum
1412 4118 1554 4187 probibere
1569 4117 1641 4174 :hoc
1652 4135 1705 4176 nec
1718 4136 1769 4177 nos
1781 4136 1833 4192 pns-

204 4204 246 4264 nd
267 4214 295 4261 te
315 4204 379 4276 quid
395 4204 525 4275 pertinet,
548 4203 598 4258 nisi
612 4216 707 4273 rogare
723 4202 825 4269 ileum,
838 4199 931 4256 hibern
949 4219 995 4257 nor
1047 4222 1139 4261 sumus
1153 4224 1159 4260 :
1174 4206 1221 4262 sed
1236 4207 1418 4277 unusquisque
1437 4207 1464 4262 in
1486 4207 1567 4263 domo
1579 4223 1628 4264 sua
1645 4209 1734 4267 lilium
1753 4228 1833 4275 suum,

204 4315 222 4354 s
246 4299 314 4354 melo
333 4295 440 4369 (dibirit.
465 4311 503 4360 ιι,
525 4294 626 4364 lilio
645 4293 690 4365 qui
712 4292 821 4361 dixisti,
846 4291 937 4348 Libero
949 4310 995 4348 nor
1046 4310 1152 4351 servum
1172 4311 1261 4359 suurn,
1278 4297 1392 4352 amicum
1405 4299 1629 4363 snnm,nicinum
1649 4317 1743 4369 snum,
1758 4304 1833 4360 clien-
1866 4302 1870 4365 ξ

204 4409 221 4448 rt
242 4391 309 4447 nmio
322 4406 331 4444 .·
344 4390 438 4446 liberet
463 4397 489 4444 tc
517 4387 587 4442 [leus
609 4402 625 4441 n
653 4396 679 4442 te
700 4390 767 4456 ipso.
1046 4397 1099 4442 tunt
1119 4388 1359 4454 sunm,min0rctn
1381 4407 1468 4445 suurn.
1486 4390 1562 4460 Agite
1579 4406 1640 4446 cunt
1662 4394 1734 4459 iliis,
1748 4403 1779 4450 nt
1792 4397 1832 4450 ina
1868 4398 1870 4403 ’

236 4480 350 4538 CAPUT
368 4478 440 4536 xtx.
457 4509 492 4521 ·-
505 4480 549 4534 l'i.
566 4477 706 4549 Episcopus
720 4479 841 4549 piusrem
850 4475 994 4531 lnrereco-
1046 4494 1099 4533 non
1114 4479 1219 4534 iaciant.
1236 4478 1337 4546 Quibus
1350 4482 1478 4550 potestis,
1493 4480 1622 4548 suutlctct
1633 4489 1661 4538 et
1672 4484 1700 4538 in
1712 4499 1781 4556 quos
1793 4501 1833 4556 pu·

202 4577 280 4652 pitter,
294 4590 351 4629 cunr
362 4558 526 4627 necuim-ibus
536 4570 709 4641 potestatibus.
726 4567 767 4624 nd
780 4583 923 4634 sumtuum,
940 4567 994 4623 lm·
1047 4579 1170 4626 testatem
1186 4572 1303 4637 habetis,
1324 4575 1494 4629 seueritatem
1509 4572 1644 4630 adhibete.
1666 4575 1756 4632 Unum
1774 4580 1832 4641 scin.

203 4679 268 4735 tres,
293 4667 358 4739 quid
377 4665 511 4720 ritemusi
528 4666 628 4719 limnes
652 4661 790 4719 christiani
816 4677 908 4719 sumus
923 4680 929 4718 ε
945 4677 994 4718 nos
1045 4663 1115 4733 quod
1130 4678 1224 4720 omnes
1237 4678 1341 4718 mecum
1355 4665 1453 4731 sciunt,
1469 4665 1496 4720 in
1510 4663 1560 4720 hac
1571 4665 1679 4722 civitate
1690 4669 1790 4724 multas
1802 4671 1834 4724 in·

202 4763 282 4816 etiarn
312 4759 421 4829 majoris
443 4756 553 4827 periculi
581 4755 714 4812 sarcinum
738 4756 913 4812 sustinemus.
937 4755 994 4812 Sm-
1046 4753 1256 4819 veniridomos,
1274 4753 1410 4824 inquibus
1428 4771 1481 4810 non
1500 4757 1534 4810 sit
1560 4756 1602 4811 tel
1619 4772 1690 4814 unus
1703 4756 1833 4831 papattust

201 4868 234 4922 pe
259 4852 292 4908 de
315 4850 391 4905 nobis
412 4848 523 4914 dicitur,
545 4845 594 4902 itit
617 4846 649 4901 ad
673 4847 745 4902 iilntn
774 4855 932 4916 potestatem
947 4857 993 4903 :ct
1046 4845 1145 4901 nullam
1160 4845 1269 4900 domum
1282 4845 1406 4914 inueniri,
1418 4846 1462 4902 ubi
1474 4863 1527 4902 non
1540 4847 1760 4906 sintCitristiani.
1775 4852 1833 4908 Etsi

201 4943 265 5014 qnid
284 4941 379 5014 quaerit
398 4939 538 5011 episcopus
557 4953 618 4993 curn
632 4937 676 4991 illa
690 4937 884 5006 potcstatelEt
905 4949 992 4994 tamen
1047 4934 1368 5007 discutinturdiiigenter,
1384 4937 1456 4992 nulia
1471 4935 1566 4994 domus
1575 4937 1720 5007 invenitur,
1730 4942 1777 4999 ubi
1788 4958 1833 4999 nun

201 5048 296 5090 omncs
306 5032 391 5087 nostis
404 5030 465 5101 qnia
478 5036 574 5084 vestrm
587 5027 760 5083 necessitates
772 5043 821 5082 nos
835 5036 932 5099 cogunt
944 5043 992 5083 re·
1046 5034 1136 5100 plures
1149 5027 1292 5084 Citristinni
1307 5028 1360 5083 sint
1375 5043 1454 5098 quam
1467 5029 1571 5100 pagani.
1586 5029 1686 5087 ilerum
1699 5042 1760 5101 est,
1776 5050 1833 5090 con·

200 5128 259 5181 nire
271 5139 325 5196 qno
337 5121 462 5178 nolumus
475 5139 482 5175 :
496 5121 650 5182 ohservare,
664 5127 726 5174 nnte
739 5119 837 5183 ostium
850 5129 937 5185 stare,
949 5120 991 5173 in·
1046 5120 1159 5175 sentitis.
1171 5119 1272 5174 Videtis
1285 5134 1349 5190 ergo
1367 5120 1429 5190 quia
1445 5120 1514 5174 muln
1529 5136 1580 5176 nun
1592 5120 1708 5189 durent,
1722 5126 1747 5181 si
1763 5124 1833 5182 Chri·

201 5206 335 5274 truntibus
347 5215 434 5284 dignis
446 5221 473 5269 et
485 5210 601 5281 indignis
615 5218 787 5280 exspectare,
803 5211 935 5276 nuntiari,
948 5211 991 5264 vis
1046 5213 1123 5267 stiani
1146 5211 1257 5266 nullent.
1280 5210 1336 5265 Nun
1364 5220 1405 5267 est
1427 5212 1490 5283 quid
1511 5213 1716 5284 respondentur.
1731 5216 1833 5274 Occulti

198 5305 342 5378 aliquando
367 5303 491 5360 admitti:
510 5301 580 5358 icrre
605 5300 784 5369 humilitates,
806 5315 920 5372 rogare,
941 5300 992 5355 nii·
1045 5304 1112 5358 maia
1126 5302 1308 5372 possentiieri,
1322 5302 1426 5373 publica
1440 5312 1622 5374 nonpossent.
1637 5305 1833 5374 prohibentibus

1044 5392 1216 5455 Citristinnis;
1233 5392 1292 5463 qnia
1308 5394 1489 5465 unnsquisque
1502 5403 1606 5449 teneret
1619 5409 1729 5452 serrum
1744 5414 1832 5460 suurn.
1869 5376 1872 5393 ι

191 5417 202 5506 ⁵,
231 5434 991 5510 ¹tnr.,proltibetuntiiitio‚teduntoiitio.lncttmadtheo-
1151 5487 1157 5497 ,
1386 5488 1391 5497 ,
1446 5501 1448 5504 .

199 5503 356 5562 deris-ensem
367 5509 408 5551 us.
420 5508 598 5552 mutuavimus.
1046 5501 1227 5556 unusquisque
1243 5495 1345 5542 teneret
1355 5485 1438 5541 illrum
1453 5502 1531 5541 suurn
1548 5505 1555 5541 ε
1573 5486 1776 5547 adolescentem
1788 5491 1832 5548 do»

230 5563 267 5623 (n)
284 5561 435 5612 provincialis
445 5534 532 5611 dicitur
543 5563 647 5632 quisque
657 5558 690 5609 dc
707 5559 781 5623 plebe
798 5559 866 5611 militi
879 5560 992 5624 praebens
1331 5621 1337 5632 ⁰

199 5622 703 5736 :mffl'igtrffrledbwsffistnrrpital'
717 5622 765 5681 90,
778 5625 893 5682 serunt,
907 5637 931 5672 n.
948 5625 990 5683 lii,
1046 5620 1203 5745 [epnpgffidgs
1219 5633 1308 5684 nempe
1330 5635 1355 5671 tn
1374 5621 1462 5674 malum
1473 5624 1610 5686 qnempiam
1628 5623 1694 5677 drlli
1716 5627 1830 5681 sennim

216 5697 226 5737 ἰ
311 5720 317 5734 ·
482 5717 490 5747 ι
571 5699 615 5744 ·“)ι
645 5720 650 5734 ·
680 5720 686 5731 ·
1056 5700 1061 5728 ‘
1091 5696 1145 5744 i'''
1198 5729 1200 5733 -
