3728 6276
202 248 273 310 'tuos
813 253 842 306 S·
863 247 1045 307 udcdsttltt
1066 249 1217 309 urlscort

206 381 293 441 Quare
305 374 317 427 l
330 372 486 443 Quicmque
505 370 548 441 qai
571 369 669 440 pluntut
680 377 715 423 ext
727 367 840 439 aliquid,
852 382 929 434 neque
949 366 992 436 qui
1045 369 1226 424 emotionem.
1243 370 1418 431 Commendat
1431 376 1508 434 nobis
1521 378 1619 437 divinar
1630 382 1702 439 eirea
1716 400 1766 440 nos
1775 389 1833 442 alu·

206 466 291 538 rique,
310 464 353 520 sed
375 464 418 534 qni
434 464 612 517 incrementum
634 461 678 514 det
700 457 802 529 Dmrll
815 458 875 514 Cor.
898 473 936 523 ιιι,
952 458 991 528 7).
1045 457 1163 514 tudinem
1175 463 1267 531 gratiae
1274 464 1356 521 Filius
1371 466 1417 523 oet
1429 470 1616 544 sinetentpore
1623 454 1742 534 natum
1749 478 1833 537 Patre.

200 558 284 615 'Morio
298 557 357 629 quia
368 556 472 628 loquor,
487 554 549 626 quia
567 566 681 616 moneo,
695 549 757 622 quid
780 565 846 622 opus
868 557 919 617 est,
942 548 993 603 nisi
1044 546 1113 616 Quid
1125 552 1415 628 enimeratautequam
1426 571 1498 618 esset
1509 563 1536 618 in
1548 563 1674 624 heroine?
1685 567 1780 628 Putate
1790 589 1834 630 ros

207 647 329 704 exandiat
342 663 384 703 me
397 648 468 702 lleus
478 660 526 716 pro
539 643 625 709 robis,
640 652 666 698 et
679 652 738 715 agat
752 640 850 711 aliquid
865 642 891 695 in
906 639 990 704 rolris,
1044 641 1173 711 quesisse
1189 652 1270 716 athxe
1292 648 1401 706 dixisse.
1419 650 1544 710 Putamus
1562 656 1651 725 enim,
1661 659 1760 717 iratres
1774 665 1832 730 mei,

206 739 256 797 ltoe
268 748 327 806 εει,
343 739 369 794 in
383 737 506 794 cordibus
516 735 633 792 restris?
647 734 765 790 Breviter
783 733 858 798 dieo,
871 743 897 788 et
916 731 993 787 robis
1045 740 1185 803 antequam
1196 734 1318 795 Christus
1330 739 1365 796 de
1377 741 1458 797 diaria
1471 744 1574 816 virgine
1588 760 1757 819 nasoeretur,
1769 765 1831 822 erat,

200 828 371 894 eoxnmendo,
385 836 413 883 ει
426 826 518 882 lideles
533 835 631 891 terreo,
643 833 671 880 ει
685 838 732 877 ros
748 822 860 878 aeduico.
875 821 992 878 llentra
1043 835 1145 879 antron
1167 827 1245 882 erati
1259 827 1354 886 Putate
1374 846 1425 887 nos
1443 849 1582 905 quaerere,
1601 839 1675 897 trudo
1699 854 1756 898 rton
1777 844 1832 901 lieet

201 918 300 976 Christi
315 919 497 975 rstisanolite
508 931 562 982 mc,
575 914 623 971 sed
634 913 789 986 Apostolum
803 911 991 968 andirerlol·
1042 911 1175 971 dubitare.
1200 916 1246 974 llis
1270 920 1360 991 itaque
1393 923 1598 994 cogitationibus
1624 930 1685 1000 ipse
1708 932 1830 989 lleminns

200 1010 267 1072 ιειιι,
284 1010 378 1080 inquit,
392 1006 503 1062 mentire
516 1005 608 1061 Cirrirti
616 1045 624 1071 ,
640 1005 732 1071 ladam
751 1001 861 1058 mentire
879 1002 991 1056 meretri·
1043 1006 1189 1075 respondit,
1201 1009 1309 1079 quando
1320 1012 1346 1067 ei
1360 1011 1459 1068 dietum
1473 1023 1533 1070 est:
1549 1016 1745 1092 erinqxxoplrrto
1757 1039 1830 1080 aare

1770 257 1835 325 idtt

200 1097 239 1157 'cix
251 1102 263 1174 (,
276 1100 318 1155 ld.
330 1118 367 1166 tu,
379 1100 423 1172 tt)
434 1100 446 1154 i
456 1098 508 1155 Sed
521 1097 586 1154 dicit
596 1096 753 1167 nescioquis
769 1111 776 1148 r
796 1094 918 1149 Meretrix
938 1109 990 1148 non

200 1200 243 1248 est
264 1207 341 1262 qnam
365 1187 623 1254 haheo,eoncuhina
647 1200 705 1240 mea
719 1193 770 1240 εει.
790 1183 919 1239 Osuncte
934 1181 991 1253 epi·

201 1296 292 1350 scope,
308 1280 474 1335 meretricem
494 1277 579 1334 iecisti
598 1277 774 1332 concubinam
789 1289 874 1330 rneam
886 1276 892 1328 l
906 1273 989 1329 Nuru-

201 1373 264 1443 quid
277 1388 327 1444 eqo
339 1372 413 1427 dlxii
427 1371 570 1441 Apostolus
581 1369 686 1434 clamat,
701 1376 729 1423 et
742 1382 792 1439 ego
804 1367 903 1422 incurri
917 1368 990 1422 enlu·

199 1465 310 1520 xrrninrr.
333 1465 388 1534 l'qo
398 1470 425 1517 te
445 1462 506 1517 rolo
524 1476 585 1517 esse
602 1474 695 1515 sanum
710 1459 754 1512 :in
770 1475 813 1513 ιιιε
828 1474 910 1528 quare
925 1458 990 1515 iuris

201 1556 270 1610 sieut
282 1553 408 1609 irrsaxxus?
419 1552 507 1608 ilabes
524 1566 645 1614 uxorem,
654 1550 698 1618 qui
714 1548 766 1603 hoe
778 1548 864 1605 dicis?
878 1547 988 1613 llarbeo,

200 1646 297 1716 inquis.
317 1643 389 1699 Bene
404 1660 411 1698 :
427 1643 493 1697 velis
514 1641 597 1704 nolis,
620 1641 663 1694 illa
683 1655 743 1710 que
764 1649 862 1710 praeter
878 1653 988 1694 uxorem

199 1749 287 1793 tecum
301 1736 408 1801 dormit,
419 1734 474 1806 jam
488 1733 542 1789 diri
555 1776 563 1799 ,
578 1733 702 1788 meretrix
717 1740 767 1788 est.
782 1732 851 1787 Eece
863 1730 948 1796 rade,
962 1740 989 1786 et

199 1829 243 1885 die
257 1829 282 1884 ei
295 1828 355 1898 quia
370 1827 494 1897 injuriam
509 1823 555 1879 tibi
575 1825 637 1878 iecit
650 1824 801 1894 episeopus.
820 1822 906 1877 llaltes
924 1835 990 1878 uxo-

199 1936 257 1976 rem
271 1929 342 1974 tuam
354 1919 509 1992 legitimam,
523 1926 551 1972 ct
561 1916 612 1970 alia
626 1927 713 1970 tecum
726 1913 825 1971 dormit
835 1931 843 1969 ι
853 1926 989 1984 quaecum·

199 2027 252 2083 que
273 2019 314 2065 est
334 2009 396 2070 illa,
410 2009 464 2079 iarn
477 2007 548 2072 dixi,
562 2007 689 2062 meretrix
703 2014 753 2061 est.
769 2004 820 2060 Sed
836 2014 924 2059 serrat
941 2004 989 2059 tibi

199 2118 268 2158 xxxor
279 2112 323 2158 tun
337 2102 425 2167 iidem,
441 2115 489 2156 nee
501 2096 574 2155 norit
585 2099 665 2155 aliurn
680 2098 730 2152 nisi
745 2106 772 2154 te
785 2097 881 2160 solum,
895 2107 923 2151 et
935 2111 988 2151 non

199 2196 317 2266 disponit
329 2195 580 2250 senosseulterum.
595 2191 661 2248 Curu
680 2192 715 2248 sit
727 2205 791 2262 erqo
806 2191 849 2245 illa
861 2199 945 2254 easta,
960 2199 988 2244 tu

199 2302 282 2357 quaro
296 2285 453 2341 tornieartst
467 2284 494 2341 st
508 2284 551 2340 illa
569 2294 696 2350 tenuem,
708 2293 735 2339 tu
748 2280 988 2353 quareduasiSed

199 2380 266 2436 dieis
288 2397 295 2434 :
316 2379 416 2434 urtella
430 2393 489 2433 mea
506 2377 651 2434 concubina
671 2390 729 2430 mea
744 2383 801 2442 est,
815 2373 942 2445 numquid
954 2371 988 2428 ed

199 2488 309 2528 xxxrtrem
331 2472 444 2527 alienant
465 2467 686 2539 undolnuxuquid
699 2466 732 2522 ad
752 2468 919 2523 meretricem
937 2481 987 2536 pu-

199 2564 295 2621 blicam
308 2563 394 2617 rado?
408 2563 513 2617 Annon
529 2560 593 2616 lieet
610 2560 674 2614 milti
686 2560 712 2614 in
725 2559 805 2615 domo
822 2574 880 2614 mea
900 2555 988 2614 iacere

199 2654 270 2726 quod
284 2653 364 2709 vulo?
376 2653 438 2707 llico
452 2651 509 2716 tibi,
523 2666 576 2706 non
590 2650 660 2706 lieet.
677 2650 703 2705 lu
717 2648 865 2720 geliennam
877 2647 986 2720 redunt,

192 2745 243 2816 ¹qui
257 2745 307 2800 lroe
319 2743 428 2808 iaciunt,
444 2742 470 2797 in
486 2740 648 2811 sempiterno
663 2740 723 2811 ique
732 2739 873 2795 ardebunt.

234 2837 347 2892 eleut
367 2834 410 2889 tl.
429 2863 466 2875 -
483 2835 510 2889 i.
527 2833 628 2888 Morere
642 2833 762 2888 correctio
772 2849 821 2887 uon
835 2832 985 2900 differendo.

199 2928 248 2987 l'el
270 2930 312 2984 lric
331 2929 407 2984 lieret
427 2926 491 2981 milri
511 2925 592 2994 loqui,
606 2923 889 2996 etdirere.Corrigant
903 2924 986 2994 sequi

199 3023 265 3077 tales
277 3027 348 3084 saud,
363 3020 687 3084 iltxrnrirurrt311epostcu
703 3015 803 3079 uelint,
819 3025 847 3071 ει
858 3032 910 3070 uon
925 3031 987 3087 pos-

197 3114 269 3168 sint:
285 3113 344 3183 quin
360 3110 447 3167 subito
462 3109 533 3162 teuit
551 3120 637 3171 ιιιοιε,
654 3117 680 3162 ει
691 3122 742 3162 nott
753 3098 796 3161 est
808 3107 850 3177 qud
869 3108 986 3178 corrigo-

198 3213 250 3269 tur,
263 3205 309 3258 sed
325 3203 368 3273 qrxi
383 3204 409 3258 in
424 3203 511 3274 ignem
526 3201 653 3258 tuittatur.
668 3199 702 3258 Et
713 3198 819 3273 thattdu
829 3200 916 3257 sudu
929 3200 985 3274 ipse

195 3295 340 3349 norissima
356 3294 430 3352 ltora.
444 3295 568 3359 nescitur,
583 3304 607 3348 et
619 3294 724 3358 dieitur,
740 3292 859 3363 Corrigo.
873 3294 986 3362 Quando

194 3385 318 3455 'eurrriqis
333 3383 438 3454 qxurndn
451 3384 579 3439 trieteris?
593 3385 671 3448 Cras,
687 3384 783 3455 inquis.
799 3385 869 3439 Eece
881 3387 985 3455 quotics

196 3473 280 3540 dieis,
295 3475 376 3540 Cras,
388 3488 463 3538 eras;
478 3473 564 3528 lectius
582 3489 612 3528 εε
633 3488 739 3528 εοιιεε.
762 3475 831 3530 Εεεε
849 3473 910 3530 dieo
926 3473 983 3541 tibi,

195 3581 257 3621 turn
270 3564 335 3620 iacis
349 3581 441 3621 vocem
458 3565 595 3622 corvinam
608 3609 615 3626 .
629 3567 744 3621 occurrit
756 3567 801 3622 tibi
818 3568 903 3622 ruiua.
918 3566 984 3622 Natu

195 3655 242 3711 lile
256 3669 368 3723 currus,
383 3655 459 3726 enjus
477 3671 570 3711 uocem
590 3656 715 3721 imitaris,
727 3657 792 3711 exiit
812 3656 845 3712 de
864 3672 944 3722 aren,
958 3666 985 3712 ct

193 3763 248 3802 uon
270 3747 347 3803 rediit
369 3747 444 3818 (Gerr.
460 3764 515 3817 ιιιι,
530 3748 569 3819 7).
587 3747 626 3803 Tu
647 3759 747 3815 autern,
769 3750 864 3816 irater,
879 3749 935 3805 redi
958 3750 984 3805 in

195 3838 354 3904 Ferlesiam,
370 3855 448 3911 quum
462 3848 524 3895 tune
540 3841 583 3894 illa
601 3855 662 3894 area
677 3840 850 3911 significabat.
871 3840 985 3897 Sedens

193 3946 239 3985 ,ιιιε
253 3931 356 3996 audite,
372 3946 389 3984 o
408 3930 549 3999 implicati:
563 3931 650 3985 audite
665 3946 723 3997 nte,
739 3945 786 3985 ros
809 3947 855 4001 per
877 3931 999 4002 sangui-v

193 4034 257 4075 nem
277 4018 375 4076 Christi
400 4021 482 4074 renue
506 4039 512 4075 :
534 4021 647 4076 obsecro
666 4035 714 4075 ros
730 4037 778 4092 per
799 4036 895 4076 nomen
914 4023 984 4093 qood

176 4098 275 4186 [super
286 4129 334 4169 vos
349 4117 499 4170 invocatum
513 4122 564 4181 εει,
579 4131 627 4184 ρει
640 4114 703 4170 illud
716 4116 798 4175 altare
808 4115 841 4170 ad
854 4115 925 4187 quod
937 4131 984 4171 ae·

179 4266 181 4270 ,
194 4207 314 4262 cessistis
326 4207 346 4272 ¹,
362 4221 410 4276 ρει
421 4205 592 4262 Sacramenta
610 4221 670 4278 qum
689 4208 844 4278 accepistis,
856 4223 904 4278 per
913 4209 984 4279 judi-

193 4299 265 4351 cium
280 4296 398 4353 loturum
418 4298 538 4353 uirorum
553 4306 581 4352 ει
602 4308 766 4353 mortuorum
776 4315 783 4364 ;
795 4299 907 4355 obscero
919 4315 982 4365 ros,

188 4385 331 4459 'obstringo
342 4403 390 4444 ros
405 4389 711 4459 pernumerentur
724 4404 775 4445 non
788 4391 927 4447 imitemini
937 4407 984 4448 eus

194 4492 261 4548 quos
275 4479 340 4535 tales
359 4495 420 4537 esse
439 4482 615 4551 cognoscitis;
631 4481 678 4536 sed
698 4481 768 4537 illius
787 4492 983 4538 sacramentum

194 4581 301 4628 matteat
314 4572 341 4628 in
356 4573 441 4642 robis,
455 4574 500 4645 qui
511 4574 545 4630 de
560 4573 632 4645 ligno
650 4573 813 4631 descendere
826 4575 921 4643 noluit,
934 4575 983 4631 sed

186 4664 316 4723 'voluitde
329 4667 450 4738 sepulcro
461 4680 611 4738 resurgere.

424 4800 539 4858 suutto
556 4798 687 4856 CCXXV⁰
697 4800 747 4872 (a).

453 4905 479 4949 ln
488 4899 530 4950 die
539 4899 643 4962 Paschae,
651 4915 669 4950 ιι
679 4898 723 4964 (t).

497 5001 537 5055 Ad
549 5000 675 5073 ledentes.

226 5111 342 5168 corut
362 5111 502 5170 eultllllt.
516 5142 554 5154 -
568 5113 594 5167 l.
610 5112 724 5169 Cirristur
734 5114 796 5184 quid
804 5123 857 5168 eret
872 5122 930 5168 unte
942 5113 982 5168 in·

223 5225 267 5296 {tn
286 5222 423 5286 ttenrlglano
442 5223 620 5287 nmuusmipto,
637 5221 767 5286 mediiis,
787 5232 813 5275 et
827 5222 906 5286 inira,
919 5223 984 5276 oeci·

189 5286 232 5368 W·
245 5350 293 5408 lton
305 5352 421 5409 repertus
432 5347 522 5398 estetsi
531 5346 556 5396 in
565 5353 605 5396 tts.
615 5348 726 5398 ιειιεειιο
741 5352 767 5398 ει
783 5349 808 5398 lu
822 5353 876 5399 lor.

184 5406 189 5423 ¹
233 5422 248 5458 e
270 5405 340 5465 ultas,
351 5407 383 5457 de
392 5408 542 5458 nlrerslslss.

234 5470 248 5517 l
271 5469 336 5529 tlpud
347 5471 507 5520 lovanienses
523 5470 564 5520 hie
577 5470 814 5544 sermoluso'ipitur,
831 5469 886 5520 ede
896 5471 982 5520 natin-

190 5539 241 5585 tat··
258 5534 382 5588 tmuium»
407 5533 431 5582 in
453 5536 494 5580 lts.
508 5532 625 5590 vatieno,
640 5532 694 5582 «de
712 5533 860 5583 trinitas.»
886 5531 932 5580 sed
948 5545 980 5581 ex

183 5588 270 5654 'eapite
280 5601 366 5655 quarto
376 5592 454 5655 liquet
472 5591 578 5642 habitunt
589 5605 645 5642 esse
662 5594 686 5643 iu
703 5591 744 5641 die
755 5593 849 5643 raschae
861 5607 867 5643 :
880 5606 929 5657 quo
943 5595 981 5642 nl·

190 5656 279 5704 enitatur
294 5655 336 5703 die
359 5655 482 5720 uapmatts
500 5653 629 5719 legebatur
640 5656 734 5704 initiunt
745 5654 866 5718 evangelii
884 5656 981 5708 tmnuts

1042 1095 1156 1153 noudum
1165 1099 1252 1167 detes,
1265 1111 1289 1155 ει
1298 1102 1426 1159 dimitere
1438 1106 1546 1161 vidisti?
1557 1107 1709 1179 Respondit
1719 1115 1797 1175 enim.
1807 1124 1831 1171 ει

1042 1186 1128 1242 dixit:
1143 1188 1319 1260 Artemonem
1333 1193 1390 1248 dico
1399 1196 1483 1258 ociis,
1497 1207 1632 1261 antequem
1646 1200 1778 1256 uldredum
1790 1205 1830 1273 de·

1042 1287 1089 1341 ιει,
1104 1294 1149 1350 eqo
1158 1296 1215 1335 rum
1227 1280 1314 1355 (loon.
1328 1299 1384 1348 nu,
1399 1285 1444 1352 57,
1458 1284 1514 1360 58).
1530 1287 1599 1359 Ergo
1612 1299 1683 1355 erat,
1698 1291 1829 1349 serlione

1041 1371 1159 1426 nondum
1178 1383 1245 1429 erat.
1260 1374 1299 1430 Ne
1318 1374 1387 1433 lorte
1406 1378 1503 1448 aliquis
1524 1379 1606 1448 dicat,
1627 1384 1827 1454 Angeluxerat:

1040 1469 1161 1517 sunctum
1176 1462 1347 1535 Evangelium
1362 1466 1434 1546 'dixit
1453 1468 1528 1524 robis
1544 1471 1606 1540 quia
1624 1472 1755 1530 Cirristus
1770 1488 1827 1533 erat.

1040 1549 1075 1605 Et
1094 1553 1212 1621 queritis
1233 1555 1296 1626 qnid
1310 1557 1387 1612 erat?
1398 1557 1432 1613 lu
1447 1560 1571 1631 principio
1588 1572 1645 1618 eret
1671 1563 1829 1634 declamet

1044 1639 1153 1697 Volunt
1166 1656 1219 1699 erut
1232 1647 1302 1715 uprcd
1313 1645 1405 1702 Drorm
1424 1650 1491 1706 Eece
1510 1653 1579 1722 quod
1597 1664 1674 1718 orat,
1691 1654 1728 1711 In
1742 1660 1828 1730 primi·

1040 1731 1083 1801 pio
1092 1742 1145 1787 erat
1164 1732 1279 1793 i‘erixm.
1292 1736 1350 1795 Non
1363 1751 1402 1794 est
1413 1740 1439 1794 iu
1451 1741 1579 1812 principio
1591 1742 1695 1802 iactum
1709 1748 1827 1817 tetum

1040 1821 1088 1877 sed
1100 1832 1155 1877 eret
1172 1824 1289 1882 ιἐιὺειιι.
1304 1828 1343 1884 lie
1360 1830 1413 1885 isto
1423 1841 1513 1887 antem
1528 1834 1631 1891 mundo
1641 1837 1706 1894 audi
1719 1840 1784 1912 qnid
1794 1841 1829 1897 di·

1040 1913 1077 1969 eit
1087 1914 1222 1986 Scriptura
1236 1935 1242 1973 :
1257 1917 1290 1974 ic
1303 1922 1428 1992 principio
1445 1923 1584 1993 fecitduo
1595 1929 1692 1984 ooelem
1704 1943 1731 1986 ει
1744 1943 1826 1989 terrm

1042 2005 1117 2077 (Gen.
1133 2024 1152 2074 ι,
1169 2009 1208 2081 l).
1224 2012 1348 2079 Quaeritis
1361 2031 1409 2086 per
1422 2017 1493 2087 qnod
1505 2018 1585 2074 lecttt
1596 2019 1631 2077 Irr
1642 2024 1826 2094 principiorem

1044 2095 1161 2164 Vultum,
1177 2115 1225 2170 per
1238 2103 1307 2173 quod
1323 2105 1397 2161 lieret
1409 2108 1507 2163 eoelum
1522 2119 1551 2165 ει
1564 2120 1646 2169 terra.
1661 2114 1725 2170 Non
1740 2129 1781 2174 est
1793 2120 1823 2174 ix·

1039 2194 1129 2254 ctuxn,
1143 2191 1190 2245 sed
1207 2202 1261 2246 eret
1283 2192 1399 2249 Verium.
1419 2197 1478 2253 lam
1502 2209 1585 2256 restat
1606 2219 1735 2274 querere
1759 2211 1823 2278 quale

1039 2276 1155 2335 Verbum
1170 2298 1177 2335 :
1190 2283 1252 2352 quia
1267 2286 1347 2341 uerita
1366 2288 1526 2346 dierrnturet
1538 2304 1642 2348 nostra.
1661 2294 1762 2354 Nostra
1776 2302 1821 2371 qui·

1038 2366 1099 2426 deur
1113 2371 1194 2429 rerba
1207 2375 1367 2446 cogitatione
1375 2378 1576 2451 concipiuntur,
1591 2400 1662 2442 roee
1677 2391 1818 2457 pernionum

1038 2468 1165 2518 ettamen
1186 2465 1302 2535 cogitata
1323 2477 1351 2523 et
1370 2470 1471 2539 prolata
1484 2479 1634 2530 transeunt
1652 2477 1721 2534 iilud
1744 2491 1816 2537 auteur

1037 2551 1117 2620 quid?
1131 2551 1165 2606 tn
1184 2552 1292 2610 Verium
1304 2569 1358 2613 erut
1378 2561 1448 2628 upxtd
1469 2559 1562 2616 detur.
1576 2564 1626 2620 liic
1640 2565 1688 2623 uiri
1702 2571 1816 2636 erat,dit

1038 2643 1177 2713 quiderm.
1192 2645 1250 2702 lum
1263 2648 1328 2703 dixi.
1348 2652 1473 2707 Sartetum
1494 2652 1670 2726 lirenqeliutu
1679 2657 1747 2715 dixit
1761 2661 1813 2717 tili:

1038 2731 1072 2788 lu
1085 2736 1209 2807 principio
1222 2749 1275 2792 eret
1287 2739 1404 2796 leriam.
1417 2743 1464 2799 llic
1476 2744 1605 2813 obierat,
1621 2748 1667 2806 die
1686 2752 1750 2822 qnid
1761 2764 1811 2808 ent.

1038 2824 1074 2880 Et
1092 2827 1199 2883 Veritxtm
1213 2841 1265 2885 erut
1284 2833 1355 2902 opud
1374 2831 1465 2889 Denta.
1480 2835 1534 2892 Sed
1556 2853 1608 2910 ego
1624 2843 1737 2913 quesivi
1752 2846 1810 2914 quale

1039 2918 1164 2975 Verbum.
1180 2921 1266 2978 Vultis
1283 2924 1376 2981 audire
1395 2928 1457 2998 quid
1472 2931 1551 2984 erati
1564 2930 1596 2984 lu
1617 2931 1689 2989 Dertx
1699 2945 1752 2990 eret
1765 2935 1809 2990 Vtr-

1037 3011 1106 3065 ium.
1121 3013 1267 3070 0Verbum
1281 3017 1287 3070 !
1303 3019 1382 3087 quale
1402 3018 1541 3076 vestiunt
1553 3023 1620 3090 Quis
1639 3027 1754 3096 explicet
1763 3043 1807 3082 rer·

1037 3102 1099 3159 brun
1113 3102 1165 3158 :Et
1175 3105 1244 3160 Deus
1256 3117 1309 3161 erat
1326 3107 1443 3166 Volent.
1463 3111 1515 3166 Sed
1533 3111 1602 3172 loris
1616 3115 1741 3177 tmuxua
1753 3119 1807 3177 trs?

1037 3192 1122 3251 distr.
1138 3193 1205 3252 Aetli
1218 3195 1280 3268 qnid
1293 3196 1357 3256 dicit
1378 3212 1499 3257 sanetum
1522 3205 1697 3276 Evangeliurn
1712 3231 1718 3263 :
1735 3208 1806 3264 Ourir

1036 3304 1083 3359 per
1094 3290 1177 3360 ipsunt
1186 3294 1254 3360 fecto
1267 3301 1324 3346 sunt
1339 3290 1426 3362 (doen.
1443 3311 1461 3360 ι,
1475 3295 1543 3366 1-5).
1557 3297 1627 3365 Quid
1641 3309 1700 3366 est,
1714 3301 1807 3356 dordr?

1036 3378 1168 3450 Quidquid
1184 3381 1279 3438 laeturn
1294 3394 1360 3438 esta
1374 3385 1440 3451 lieo,
1453 3402 1499 3456 per
1514 3387 1600 3458 ipsum
1620 3388 1770 3447 factumest
1784 3388 1806 3444 u

1036 3472 1169 3541 quomodo
1188 3474 1245 3543 ipse
1260 3472 1344 3531 taetus
1362 3484 1420 3541 est,
1431 3477 1474 3546 spui
1492 3480 1581 3533 omma
1600 3481 1685 3536 lecit?
1696 3478 1805 3553 Numquid

1036 3562 1093 3632 ipse
1106 3578 1135 3619 se
1146 3564 1227 3620 lecit?
1240 3565 1378 3622 Postremo
1388 3569 1410 3623 si
1426 3570 1483 3638 ipse
1495 3585 1525 3625 se
1535 3570 1609 3640 lecit,
1620 3575 1667 3644 qui
1684 3590 1714 3632 se
1730 3575 1808 3632 ocem

1036 3663 1103 3709 erat.
1130 3655 1159 3712 Si
1189 3671 1253 3728 erqo
1278 3666 1335 3713 erat
1360 3659 1451 3729 quise
1478 3660 1598 3729 luceret,
1619 3681 1753 3738 nunquam
1771 3678 1807 3722 nou

1036 3756 1093 3803 erat
1104 3749 1124 3803 ¹.

1071 3839 1183 3897 CAPUT
1203 3838 1234 3894 ll.
1248 3869 1283 3880 -
1297 3839 1323 3895 2.
1339 3839 1486 3897 itaeomelin
1505 3843 1598 3899 Cirristi
1618 3864 1683 3918 opus
1701 3858 1738 3904 est
1754 3847 1810 3903 tutu

1036 3928 1178 3985 Trinitatis.
1186 3931 1340 4000 l'irqinitetix
1359 3934 1515 4003 propositum
1532 3935 1559 3988 in
1575 3934 1672 3992 llorie.
1692 3938 1812 4007 Quoxxtulo

1036 4020 1064 4075 iu
1078 4021 1180 4092 uirgine
1195 4023 1245 4077 talo
1260 4021 1392 4077 Verbum?
1407 4022 1498 4078 Omnis
1516 4042 1560 4092 per
1574 4026 1660 4098 iprum
1679 4029 1749 4100 [ecta
1758 4036 1813 4086 εειι.

1036 4109 1103 4178 Quid
1121 4121 1172 4175 est,
1194 4111 1305 4166 duritie?
1323 4111 1456 4184 Quidquid
1478 4112 1575 4170 laetum
1600 4125 1681 4175 esta
1703 4119 1768 4187 ooo,
1781 4133 1815 4192 ρει

1036 4203 1122 4272 ipsum
1144 4203 1241 4260 laetum
1263 4212 1312 4260 est.
1334 4203 1404 4268 Noli,
1426 4205 1516 4272 irater,
1540 4207 1574 4262 alt
1588 4207 1641 4264 isto
1656 4219 1733 4269 tanto
1750 4225 1817 4284 opero

1036 4308 1160 4364 separare
1174 4293 1301 4364 Spiritum
1315 4304 1447 4350 sanetum.
1463 4296 1484 4351 Α
1499 4311 1552 4368 quo
1567 4306 1644 4355 tanto
1656 4305 1760 4374 opere?
1771 4302 1816 4358 lior

1036 4403 1145 4459 ριιιιιιιι
1168 4403 1244 4460 ορεε,
1267 4404 1392 4458 magnum
1413 4404 1482 4458 opus
1503 4400 1567 4446 sunt
1584 4393 1680 4464 dnqcli
1699 4410 1818 4453 :cantem

1037 4478 1135 4534 Christi
1149 4479 1285 4535 sedentem
1299 4479 1333 4534 ad
1346 4479 1483 4536 dexteram
1498 4481 1584 4537 Patris
1595 4484 1713 4543 adorant
1727 4489 1819 4561 lluqel.

1036 4569 1100 4625 'lale
1112 4584 1175 4642 erqo
1186 4585 1253 4640 opus
1265 4581 1390 4642 operatus
1400 4582 1441 4627 est
1454 4573 1573 4629 maxime
1581 4574 1701 4647 Spiritus
1713 4589 1819 4636 sanetus·

1035 4660 1064 4717 ln
1077 4662 1128 4717 isto
1139 4676 1220 4732 opere
1231 4663 1431 4734 cognominatus
1442 4675 1493 4728 εει,
1504 4666 1817 4744 quandosauxsael'irqiui

1035 4767 1084 4825 ρει·
1101 4753 1225 4825 angelum
1246 4754 1349 4810 iuturus
1371 4756 1508 4811 nuntiatus
1530 4766 1573 4813 εει
1597 4757 1683 4816 filius.
1704 4761 1749 4818 ttta
1766 4762 1817 4835 quit

1036 4855 1210 4918 proposuerat
1223 4847 1416 4918 uirginitatem,
1435 4856 1464 4905 et
1478 4858 1536 4904 erat
1555 4853 1670 4910 maritus
1688 4854 1757 4926 ejus,
1775 4870 1817 4910 not

1034 4937 1147 5004 xlrlator,
1170 4937 1217 4993 sed
1238 4947 1329 4994 eustos
1353 4939 1463 5011 pudoris
1478 4957 1485 4995 :
1499 4940 1552 4996 imo
1572 4957 1627 4998 non
1645 4955 1747 5012 custos,
1766 4947 1816 5019 quia

1034 5026 1105 5084 Deus
1127 5026 1307 5093 custodiebam
1333 5029 1380 5085 sed
1402 5030 1477 5085 testis
1497 5029 1607 5099 pudoris
1624 5034 1762 5107 virginalis
1776 5036 1815 5092 luit

1034 5120 1157 5182 maritus,
1180 5135 1214 5175 ne
1229 5118 1263 5176 de
1275 5120 1406 5176 adulterio
1419 5120 1526 5191 grauida
1547 5134 1689 5191 putaretur
1702 5145 1709 5183 :
1722 5127 1812 5199 quand·

1034 5211 1200 5268 einnnuartt
1213 5211 1332 5284 angelus,
1347 5213 1395 5279 ait,
1411 5210 1542 5280 Quomodo
1556 5215 1602 5285 liet
1615 5217 1698 5287 idoli,
1710 5220 1811 5293 quattor
1859 5278 1862 5283 .

1033 5393 1061 5437 ut
1070 5399 1101 5436 ex
1114 5394 1265 5450 εοεερειειιι
1273 5385 1424 5437 altitudinem
1439 5385 1528 5437 dirime
1538 5391 1637 5453 qradae,
1648 5404 1698 5457 qnx
1707 5390 1808 5443 ιιιιειιιει
1856 5434 1858 5443 ,

1033 5447 1754 5512 natusnominisutiusipsosunrninesregenerxtostsoerxx
1762 5450 1808 5501 lits
1853 5454 1858 5485 ἰ

1032 5510 1085 5621 ἓξ.
1091 5511 1201 5631 ¹{13:1¹th
1206 5510 1317 5621 {nquifm
1327 5522 1380 5559 rem
1391 5521 1473 5572 supra.
1485 5510 1562 5561 uetiti
1574 5514 1666 5567 eodem
1676 5517 1805 5578 diesem

1066 5655 1075 5687 ¹
1087 5653 1123 5703 sie
1134 5655 1258 5705 tatitauus
1269 5661 1310 5705 tls.
1324 5663 1351 5705 tt
1363 5655 1435 5714 editi,
1447 5654 1565 5722 mttqmd
1575 5671 1622 5711 ttott
1634 5664 1706 5714 ortt
1767 5702 1772 5714 .
