3728 6276
110 161 163 219 567
731 155 758 212 S.
779 154 963 213 ubcbsilbt
982 155 1131 214 crisconi

112 289 194 345 poree
205 271 287 330 netes
300 272 443 343 cogitetur.
458 271 523 327 Nam
539 272 562 325 si
580 282 707 326 recensus
719 269 853 326 desiderio
864 270 906 322 ri·
961 285 1014 324 non
1028 271 1235 326 consolationem
1257 271 1409 329 desideret?
1428 271 1501 344 ipsi,
1514 273 1615 346 lnquit,
1633 291 1668 332 cot

111 364 304 430 serotinum,
326 363 420 418 laciem
443 371 515 417 tuam
536 360 729 431 prrepamueris
739 360 906 430 corporalem
961 361 1063 414 buntur.
1078 361 1325 430 brutipuiesuriunt
1340 365 1666 435 etsitr'rrntp'trstitiont.Qui

111 459 145 513 nd
161 454 305 512 uidendum
316 470 324 521 ;
336 452 418 509 ‘talem
427 453 521 508 liciem
532 450 696 508 desiderabis
710 459 738 506 et
747 449 805 506 liei.
818 450 845 506 Si
859 465 909 505 au·
960 451 1035 507 rietus
1046 463 1073 508 et
1086 454 1180 508 sitiens
1193 467 1246 508 non
1257 455 1407 510 satietatem
1421 456 1550 525 requiritl
1569 456 1603 512 Et
1619 458 1668 528 ipsi

112 562 167 607 tent
181 548 234 619 inni
245 546 339 603 soltem
363 545 536 615 spiritualiter
549 543 584 598 de
595 543 650 598 lieo
673 542 754 613 sapis,
769 550 799 597 ut
824 541 907 599 Deum
960 543 1027 612 uiuit,
1041 543 1229 597 sotrrrobunttrr.
1238 542 1310 598 Bruti
1319 545 1499 600 misericordae.
1511 547 1576 612 Quis
1586 547 1668 606 miser

116 655 169 695 nou
182 637 283 712 cogites
296 650 356 691 esse
376 632 560 706 corporeum(
575 632 646 688 unde
658 631 756 687 dlutius
773 631 830 686 lieri
851 632 908 700 epi-
962 633 1011 686 tusi
1024 634 1068 703 oui
1083 642 1156 703 optat
1168 649 1200 688 er
1215 634 1274 703 ipso
1286 649 1368 704 opere
1380 634 1455 690 reddi
1466 635 1518 691 sibi
1534 651 1550 691 a
1571 637 1627 691 ner
1647 654 1668 693 u

114 744 173 788 inus
183 727 264 801 (obsi
277 736 366 782 tamen
377 724 478 795 aliquid
491 723 675 795 ieronimum
687 723 710 777 si
725 722 751 776 in
765 721 846 778 cordo
868 737 911 776 uc·
962 725 1069 780 tueirca
1083 739 1112 780 se
1127 725 1180 791 liut,
1194 725 1265 796 quod
1280 727 1349 782 circu
1362 742 1501 797 pauperem
1512 727 1594 784 lacit?
1607 729 1668 785 beot

114 831 180 887 stro,
190 828 313 888 tanquam
328 816 354 871 in
368 815 466 886 templo
480 815 537 879 liei,
548 813 640 868 lorinus
655 813 776 867 bumanae
786 811 911 883 treptnurs
961 816 1028 886 quill,
1042 815 1222 881 nrisencordes,
1236 818 1354 887 pontium
1364 820 1477 888 ipsorum
1492 821 1649 875 miserebitur

115 909 300 972 simulacrum
316 907 338 960 si
364 905 419 974 jam
444 903 520 959 uobis
543 904 611 959 bene
638 902 756 957 venitin
783 909 909 963 mentem,
962 904 1102 971 Quomodo
1112 921 1161 975 per
1180 906 1236 976 ipsa
1254 907 1356 977 singula
1374 907 1484 971 sinentis
1505 909 1611 980 proprie
1629 925 1668 983 app

115 1010 144 1058 ct
163 1000 267 1057 uiscera
291 1007 379 1053 vestre
405 996 529 1051 interiora
552 993 678 1066 possedit.
701 993 744 1048 ubi
765 992 911 1049 detestetur
955 1004 1033 1063 sunt,
1047 1002 1076 1052 et
1091 997 1156 1052 nibil
1169 997 1323 1068 ludlribitum
1339 1009 1382 1055 est
1405 999 1432 1054 in
1450 1001 1577 1069 premio,
1604 1018 1668 1072 quot

117 1091 260 1163 Apostolus
273 1089 378 1159 eosqui
396 1088 504 1144 dicenter
516 1103 542 1142 se
555 1103 609 1141 esse
620 1079 753 1156 rapientes,
767 1085 838 1141 stulti
849 1086 912 1154 {orti
961 1093 1119 1151 congrueret
1131 1087 1280 1157 precepto?
1293 1096 1456 1158 praeceptum
1467 1097 1509 1144 est
1519 1091 1590 1145 euim
1600 1101 1627 1146 ur
1638 1091 1668 1147 sp

116 1175 824 1251 sunt,·etimmutooerumplcrr'untincorruptibilirbeiet
837 1177 910 1232 simi·
962 1189 1009 1243 per
1020 1175 1113 1244 spiritu
1130 1177 1284 1246 :premium
1302 1186 1343 1233 est
1370 1189 1398 1233 ut
1419 1178 1517 1236 ltobees
1536 1197 1648 1251 regnum

116 1276 248 1332 titudinem
258 1273 375 1345 imopiuis
382 1270 552 1342 corruptibilis
562 1268 785 1341 bomirtlsfflomn,
796 1266 907 1338 mus).
961 1280 1030 1320 rum.
1044 1266 1207 1337 Precepturn
1220 1278 1261 1324 est
1274 1278 1303 1325 ut
1319 1269 1355 1323 sis
1369 1269 1441 1325 ruitis
1460 1288 1467 1325 :
1494 1274 1634 1341 proemium
1654 1289 1668 1332 e

154 1365 268 1425 CAPUT
281 1361 462 1433 tlt-sijum
473 1359 631 1417 triennalium
640 1358 817 1424 detestamini,
830 1357 854 1412 si
863 1357 910 1412 ad·
962 1355 1097 1425 possideas
1109 1367 1218 1413 terram.
1232 1358 1397 1429 emerium
1406 1368 1449 1415 cst
1460 1370 1488 1415 ut
1500 1361 1539 1417 sis
1551 1363 1646 1431 lugens
1660 1381 1668 1418 ε

120 1455 263 1513 versamini
280 1454 329 1528 (b),
344 1452 368 1508 si
380 1450 500 1508 Creatori
513 1449 646 1505 mitridatis
657 1449 784 1516 templum
796 1447 909 1512 suum,si
960 1447 1053 1511 mium,
1066 1456 1094 1503 ut
1102 1448 1257 1504 consoleris.
1269 1449 1434 1520 Preceptum
1441 1458 1484 1506 cst
1495 1460 1523 1506 ut
1530 1453 1631 1509 esurias
1640 1462 1668 1510 et

120 1549 201 1604 uultis
213 1547 338 1602 utueuiat
348 1553 375 1601 et
387 1545 552 1599 mansionem
562 1542 685 1612 epudros
698 1539 796 1596 iaciat:
810 1539 910 1596 Sentite
957 1536 1086 1607 justitiam
1100 1555 1106 1590 :
1119 1538 1254 1608 premium
1265 1579 1273 1604 ,
1286 1548 1316 1594 ut
1331 1541 1469 1597 satureris.
1480 1542 1646 1614 Praeccptum
1665 1572 1668 1594 ι

118 1643 153 1695 de
164 1639 272 1694 Domino
282 1637 470 1702 ieiunitatem
481 1637 508 1689 iu
520 1635 680 1705 simplicitate
701 1632 785 1687 cordis
805 1633 909 1704 ruente
960 1626 998 1681 sis
1009 1628 1162 1683 misericors
1177 1645 1185 1680 ε
1200 1630 1358 1699 proemium,
1375 1640 1404 1686 ut
1424 1633 1635 1701 misericordiam
1653 1651 1668 1693 c

117 1728 212 1802 illurn(
227 1728 291 1799 Sep.
302 1743 322 1794 t,
336 1725 380 1799 l).
394 1725 488 1783 llidetc
497 1725 540 1780 cui
554 1725 657 1789 sileatis,
676 1724 697 1779 si
708 1731 798 1779 tomen
809 1722 907 1794 dicitis,
958 1718 1059 1788 ouans.
1072 1718 1118 1775 Sic
1130 1732 1290 1790 preceptum
1303 1731 1345 1778 est
1358 1732 1387 1777 ut
1396 1723 1510 1781 mundes
1519 1739 1566 1781 cor
1579 1743 1586 1779 :
1600 1743 1668 1797 praeu

117 1821 139 1874 si
156 1834 218 1876 uere
242 1817 330 1874 dicitis
344 1834 351 1870 :
365 1814 422 1872 Tibi
436 1817 500 1871 dixit
512 1831 556 1869 cor
576 1830 669 1881 numm,
683 1812 803 1880 Quoerom
816 1813 908 1886 sedens
959 1818 988 1864 ut
1000 1809 1089 1864 ridens
1102 1811 1195 1865 bertin.

118 1923 197 1965 tuum.
213 1911 288 1966 Dicet
308 1919 335 1965 cl
352 1924 399 1965 cor
412 1916 497 1974 tuum,
512 1916 539 1962 el
550 1906 628 1972 oddo,
641 1905 744 1961 Vultum
755 1916 835 1973 luunt,
855 1905 909 1961 Do-
993 1899 1106 1956 CAPUT
1120 1900 1163 1956 tx.
1183 1902 1255 1957 -tb
1274 1901 1342 1956 Visie
1364 1902 1409 1957 bei
1430 1906 1555 1975 quomodo
1575 1909 1668 1963 mundi

118 2001 196 2065 ruine,
209 1999 355 2071 requiram(
367 1998 440 2055 Psoi.
463 2015 535 2063 xrur,
549 1999 566 2054 8
579 1998 600 2070 ).
613 1998 685 2053 lleue
697 1999 768 2053 enim
783 1998 905 2068 requiris,
959 1992 1004 2046 ior
1017 1994 1146 2062 ementior
1156 1995 1288 2063 proruero.
1300 1994 1357 2049 Non
1368 2010 1431 2064 ergo
1445 1998 1480 2051 ita
1488 1999 1575 2067 sapias
1585 2000 1612 2054 iu
1627 2000 1668 2058 liis

117 2097 178 2165 ouria
199 2095 281 2152 corde
303 2093 427 2164 requiris.
447 2092 548 2149 Dicitur
570 2091 616 2146 Dei
637 2092 736 2156 uultus,
751 2090 849 2146 dicitur
860 2091 906 2146 Dei
957 2085 1041 2154 ceptis
1054 2093 1081 2139 et
1095 2086 1225 2154 prumtis,
1246 2095 1274 2142 ut
1293 2101 1353 2141 cunt
1367 2088 1452 2154 nudis,
1466 2088 1539 2144 Beoti
1553 2091 1668 2148 mendico

118 2186 267 2252 broeltium,
284 2185 381 2241 dicitur
400 2184 448 2240 bei
461 2199 565 2246 moniis,
593 2182 716 2237 dicuutur
739 2182 785 2237 liei
813 2181 905 2251 pedes,
957 2179 1076 2248 quomam
1090 2179 1140 2249 ipsi
1156 2177 1236 2233 ileum
1254 2178 1385 2246 ndebuut,
1406 2191 1482 2248 putes
1507 2197 1636 2252 pauperes
1655 2198 1668 2238 s

118 2275 369 2342 diciturbeiscdes,
382 2273 479 2330 dicitur
493 2273 638 2330 scabellum
657 2273 753 2342 pedum
763 2273 822 2343 elus
837 2290 843 2327 ι
859 2272 906 2329 sed
957 2284 1011 2322 run
1021 2270 1136 2333 risuros,
1150 2280 1195 2324 nut
1209 2286 1261 2326 non
1276 2273 1379 2326 uisuros
1394 2272 1490 2337 mites,
1506 2289 1559 2329 non
1582 2275 1668 2331 risum

118 2367 172 2423 noli
196 2365 314 2422 membm
330 2365 444 2421 buntnua
460 2364 586 2434 cogiterre.
602 2363 630 2419 Si
644 2365 683 2418 vis
696 2378 757 2418 esse
777 2363 905 2433 templum
956 2368 1058 2429 geues,
1074 2374 1126 2415 non
1140 2360 1244 2416 risuros
1254 2362 1402 2417 esurientes
1418 2372 1446 2418 ct
1467 2364 1587 2420 sitientes
1608 2365 1668 2436 justi

118 2456 245 2522 roritmis,
257 2454 350 2525 frange
363 2454 462 2510 idolum
471 2453 603 2508 lnlsitatis.
614 2453 707 2508 bonus
721 2453 779 2517 liei,
790 2454 905 2522 potentie
957 2467 1011 2506 non
1027 2452 1130 2506 risuros
1143 2453 1339 2508 misericordes.
1353 2453 1410 2509 Non
1423 2455 1561 2512 arbitreris
1580 2473 1629 2514 eos
1646 2467 1668 2514 u

117 2548 174 2603 liei.
186 2546 278 2602 Facies
286 2546 343 2611 liei,
354 2545 446 2600 notitiu
457 2545 514 2600 liei.
529 2544 613 2600 l‘cdes
625 2544 683 2608 Dei,
694 2544 834 2614 presentia
846 2545 904 2599 lici.
956 2541 1031 2610 quasi
1044 2543 1146 2597 uisuros
1165 2543 1210 2613 qui
1225 2543 1324 2600 mundo
1338 2553 1400 2600 serit
1411 2545 1512 2611 corde,
1538 2547 1591 2603 illis
1608 2563 1625 2604 a
1646 2549 1668 2604 rl

117 2637 199 2693 Sedes
211 2637 266 2701 bei,
278 2637 300 2691 si
313 2636 363 2700 ris,
375 2643 403 2692 tu
413 2649 452 2693 es.
463 2637 503 2690 tlu
514 2633 582 2690 lorte
594 2648 691 2705 negure
703 2633 813 2690 audebis
821 2633 906 2690 Deum
957 2635 1095 2704 separatis·
1106 2634 1199 2690 Omnia
1213 2634 1283 2690 enirn
1299 2634 1357 2692 lucc
1366 2635 1444 2691 iidem
1459 2639 1509 2707 ipsi
1527 2647 1598 2694 situl.
1610 2638 1661 2711 ipsi

118 2744 177 2785 esse
191 2726 349 2785 Cliristumi
369 2726 439 2791 Non,
455 2727 552 2797 inquis.
566 2725 695 2782 concedis
704 2736 732 2781 et
751 2724 814 2792 boe,
827 2726 905 2780 tllrrt-
957 2725 1039 2792 bunt,
1055 2736 1082 2782 et
1100 2742 1152 2783 non
1167 2727 1227 2784 ideo
1244 2727 1389 2794 ridebunt,
1414 2731 1475 2799 utria
1497 2746 1630 2801 pauperes
1651 2748 1668 2801 t,

117 2831 187 2875 stum
203 2821 249 2877 Dei
262 2821 386 2876 uirtutem
401 2829 429 2874 ct
443 2818 491 2874 bel
511 2816 690 2888 sapientiam(
704 2816 715 2870 l
729 2815 788 2872 Cor.
803 2832 823 2880 t,
837 2816 907 2889 ispi
957 2823 1029 2883 sunt,
1044 2816 1105 2886 qula
1120 2817 1199 2872 nrites
1209 2827 1280 2881 sunt,
1293 2818 1354 2888 quia
1365 2818 1502 2888 lugentes,
1514 2822 1576 2892 quin
1597 2824 1668 2879 esuri

117 2909 251 2974 Cuticedo,
266 2909 363 2980 inquis.
379 2907 447 2963 boii
465 2924 472 2961 :
487 2907 579 2961 Artium
586 2907 652 2977 jrrsti
669 2905 739 2959 redes
753 2915 789 2960 est
803 2905 906 2974 supien-
957 2905 1130 2976 sitientesque
1140 2906 1285 2977 justitiam,
1305 2910 1366 2976 quia
1386 2909 1575 2967 misericordes
1593 2928 1601 2966 ε
1621 2913 1668 2971 sed

117 2999 181 3068 tie(
198 2996 318 3070 Sept).
332 2997 383 3054 Ubi
403 2996 475 3053 enim
488 2995 579 3052 sedem
595 2995 676 3051 babet
699 2995 779 3063 bens,
801 2996 851 3051 nisi
862 2997 906 3052 ubi
958 2997 1049 3053 mundi
1087 3007 1150 3052 suut
1173 2998 1264 3054 corde.
1291 2998 1518 3066 Quemadmodum
1551 3004 1574 3058 si
1601 3019 1668 3076 corp

118 3091 236 3146 imbibit?
248 3088 396 3145 Ubinutcm
408 3086 518 3152 habitat,
531 3087 581 3142 nisi
597 3086 624 3141 iu
636 3086 735 3157 ternplo
747 3086 816 3142 suoi
833 3084 908 3141 Tene·
959 3103 1039 3159 opera
1053 3089 1180 3144 membris
1198 3091 1381 3159 corporalibus
1402 3103 1600 3160 coaptarentur,
1625 3110 1657 3153 uc

117 3184 189 3252 plum
207 3181 273 3237 etnim
286 3179 335 3235 Dei
344 3191 460 3235 sanctum
476 3188 522 3246 est,
539 3178 605 3249 oucd
620 3179 678 3233 estis
690 3193 734 3233 cos
748 3176 758 3252 ζ
773 3175 851 3234 lGor.
867 3193 906 3247 tu,
948 3168 1010 3243 ret,
1026 3181 1099 3236 verbi
1111 3182 1207 3252 prolia,
1218 3183 1377 3252 quisquam:
1392 3184 1464 3240 Belli
1477 3187 1521 3256 qul
1541 3188 1626 3258 pedes
1642 3189 1668 3245 ln

118 3275 151 3329 tl
165 3272 186 3344 l.
201 3271 269 3329 uiue
290 3286 354 3343 ergo
380 3270 515 3341 quomodo
537 3269 655 3339 excipias
676 3269 769 3323 Deum.
795 3267 908 3338 Spiritus
959 3271 1021 3340 quiin
1035 3272 1083 3340 ipsi
1096 3271 1286 3326 ambulabunt:
1303 3273 1372 3328 berti
1387 3275 1432 3343 qui
1446 3291 1541 3331 nuntius
1555 3279 1665 3348 iubent,

118 3375 153 3421 cst
168 3362 260 3430 beru
276 3365 304 3418 in
321 3363 411 3434 spiritu
424 3373 447 3416 et
469 3362 572 3417 neritute
585 3369 682 3430 oportet
705 3359 813 3416 odorere
826 3359 909 3414 Deum
960 3359 1009 3430 ipsi
1019 3360 1218 3429 operabuntur:
1234 3363 1302 3416 beati
1314 3362 1358 3433 qui
1378 3377 1469 3419 vocent
1485 3366 1602 3433 babent,
1625 3385 1668 3440 qur

119 3456 220 3528 (loon.
241 3470 280 3522 tt,
294 3454 330 3510 it
344 3455 363 3524 l.
384 3453 443 3509 dani
467 3453 494 3508 in
519 3466 566 3508 cur
584 3460 667 3516 tuum,
683 3452 706 3506 si
720 3451 815 3522 placet,
829 3451 910 3507 intret
961 3453 1011 3523 ipsi
1024 3453 1176 3508 clamabunt
1189 3470 1196 3506 ι
1210 3453 1279 3509 beati
1292 3455 1336 3526 qui
1350 3471 1380 3508 os
1392 3464 1419 3511 et
1431 3456 1546 3528 linguam
1562 3459 1668 3526 nabent,

118 3562 180 3604 nrcn
205 3546 368 3614 testamenti,
383 3555 412 3602 et
423 3557 482 3601 runt
502 3546 591 3616 Dagon
608 3544 720 3617 (lllep.
735 3545 790 3608 ub
804 3546 824 3616 l.
840 3544 909 3600 liudi
960 3543 1030 3598 niem
1045 3543 1093 3613 ipsi
1107 3543 1247 3613 litqueutur
1269 3561 1275 3597 :
1298 3544 1369 3600 beuti
1390 3547 1436 3616 quii
1456 3547 1549 3602 oculos
1577 3550 1668 3607 liabent

118 3652 269 3707 erponuuc,
278 3636 384 3694 etdisce
393 3637 474 3692 ileum
486 3635 650 3701 desiderare,
659 3634 734 3691 disee
744 3635 813 3692 unde
823 3635 906 3691 Deum
960 3635 1031 3689 enirn
1045 3635 1181 3689 ridebunt.
1194 3634 1239 3691 Sic
1252 3644 1374 3706 tunquam
1387 3639 1531 3707 spiritualia
1545 3642 1665 3698 membro

124 3728 308 3797 riderepossls
327 3741 488 3797 preparare.
509 3725 593 3793 Bruti,
608 3725 703 3797 iriqitit,
718 3724 907 3792 erdicordes,
960 3742 1072 3798 ponens,
1087 3727 1177 3782 docuit
1190 3728 1251 3798 quid
1268 3728 1301 3783 nd
1321 3728 1384 3798 quid
1398 3731 1538 3799 pertineat.
1554 3735 1622 3804 bptn
1643 3749 1668 3790 es

122 3822 243 3890 quioniam
257 3818 306 3889 ipsi
321 3816 402 3873 ileum
411 3817 537 3872 ridebunt.
960 3818 1058 3872 militas
1067 3817 1100 3872 od
1113 3817 1262 3873 babendum
1275 3833 1385 3889 regnum
1398 3821 1543 3887 ctelcrurm;
1557 3833 1620 3895 apta
1630 3839 1668 3881 rut

154 3907 266 3963 curbi
285 3907 353 3963 lllll.
370 3936 405 3949 ··-
418 3906 486 3976 Quid
509 3921 642 3976 preparas
661 3907 753 3963 oculos
773 3907 909 3978 corporis?
960 3908 1066 3963 trudoad
1080 3909 1270 3978 'possidendam
1285 3920 1401 3977 terrem;
1417 3921 1495 3983 aptus
1509 3914 1595 3970 luctus
1607 3917 1668 3974 edo

119 4000 145 4052 Si
160 3999 200 4052 sic
213 3995 354 4062 uidebitur,
367 3996 392 4051 iu
405 3997 463 4051 loeo
475 3996 526 4050 erit
537 3996 609 4066 quod
627 3995 769 4051 ridebitur.
790 3997 849 4052 Non
868 4006 910 4053 est
961 3999 1103 4064 lationem;
1114 4009 1174 4070 opta
1186 4000 1269 4056 fornes
1289 4010 1316 4056 et
1328 4002 1501 4071 sitisjustitim
1517 4004 1552 4059 ad
1567 4009 1668 4063 sotttrltt

121 4090 147 4143 iu
163 4087 222 4143 loco
234 4085 278 4156 qui
300 4085 397 4156 ubique
416 4095 487 4141 totus
503 4095 553 4140 ιιι.
576 4084 671 4141 brunda
691 4085 761 4141 unde
780 4086 908 4142 uideatur.
961 4099 1022 4159 apta
1040 4091 1220 4146 misericordia
1236 4091 1269 4147 ud
1308 4093 1498 4160 impetrandum
1524 4096 1668 4153 misericor

157 4182 184 4236 8.
204 4178 318 4234 brenta
331 4178 448 4248 operibus
459 4193 571 4248 cortpruo
587 4178 614 4231 in
630 4178 758 4233 sententiis
779 4176 911 4232 beatitudi·
961 4192 1051 4252 aptum
1069 4180 1196 4237 mundum
1220 4197 1268 4238 cor
1293 4183 1326 4237 nul
1347 4184 1490 4239 ridendum
1504 4185 1598 4241 bertin.

121 4287 193 4324 irunt.
216 4268 296 4335 bridi,
311 4277 337 4324 et
358 4267 493 4337 intellige,
512 4267 535 4321 si
555 4267 613 4338 ipso
628 4267 736 4337 jurante
750 4277 843 4338 potero
861 4284 911 4325 et·
997 4271 1110 4328 CAPUT
1129 4272 1164 4330 X.
1178 4303 1213 4313 -
1228 4274 1271 4329 lb.
1289 4273 1352 4327 Fide
1363 4291 1407 4328 cor
1420 4277 1555 4330 inundetur
1568 4279 1602 4331 od
1620 4279 1668 4335 ride

122 4364 221 4434 plicoro
234 4378 241 4414 ε
256 4361 425 4431 adjuvetuos
437 4359 470 4414 ad
493 4359 690 4429 intelligendum
710 4360 798 4415 omnir
815 4374 911 4430 supra·
963 4362 1055 4417 Deum.
1075 4361 1103 4418 Sl
1127 4377 1191 4433 crito
1215 4364 1397 4419 ‹lesiderumus
1421 4366 1511 4421 uidere
1529 4367 1633 4435 burim,
1657 4385 1668 4428 t

119 4460 189 4513 dicto
201 4471 281 4527 opera
295 4463 324 4510 et
341 4467 461 4517 munnere,
475 4452 911 4522 qurerriadmudumcorrgruentibus
963 4452 1093 4508 isteunde
1115 4453 1304 4508 mundabitur?
1322 4456 1388 4520 Quis
1409 4457 1480 4511 euim
1503 4473 1554 4512 nou
1577 4471 1668 4528 curet,

121 4549 240 4622 opposita
253 4547 316 4603 sint.
330 4546 382 4603 Ubi
393 4545 464 4602 enim
478 4546 576 4599 dictum
593 4553 635 4600 cst
647 4545 680 4600 de
694 4545 822 4615 premio,
840 4546 911 4616 quood
963 4558 1016 4597 non
1031 4551 1132 4612 qrtnrot
1145 4543 1215 4597 uude
1228 4544 1353 4610 mundet,
1376 4561 1429 4616 qim
1451 4547 1542 4602 uidere
1565 4553 1651 4619 possit

121 4658 175 4698 uon
190 4645 349 4710 congrueret
371 4637 458 4707 operi,
483 4635 553 4705 quod
574 4651 626 4689 uon
651 4635 825 4692 consonaret?
843 4635 911 4703 Quia
963 4641 1019 4688 tuto
1033 4631 1126 4688 affectu
1141 4632 1295 4688 desiderati
1310 4634 1447 4704 Expressit
1461 4636 1512 4692 boc
1522 4639 1613 4697 diuina
1625 4651 1668 4698 teu

121 4730 321 4802 luimilesquesi
335 4743 350 4783 ι
364 4727 688 4799 regnoridenturalicni:
702 4726 792 4793 Beati,
807 4728 909 4799 inquit,
964 4723 1051 4789 Fide,
1077 4723 1178 4794 inquit,
1205 4725 1331 4781 mundans
1356 4728 1433 4781 cordo
1458 4744 1543 4783 eorum
1568 4732 1668 4801 (Acus

121 4822 360 4896 preriperesspirito,
383 4821 442 4890 quio
462 4819 574 4891 ipsorum
596 4830 633 4874 est
652 4836 756 4890 reprom
780 4821 910 4876 celorum.
964 4815 1072 4870 bluudat
1084 4830 1131 4870 cur
1143 4814 1209 4870 tides
1223 4815 1280 4882 liei,
1296 4816 1423 4872 mundum
1437 4832 1484 4873 cor
1498 4819 1571 4874 silet
1584 4821 1668 4878 ileum

119 4916 186 4982 tluia
196 4914 275 4969 mites
288 4910 410 4966 homines
420 4909 496 4965 lacile
510 4910 686 4965 exeluduntur
697 4909 731 4966 de
742 4920 811 4966 terra
835 4926 882 4965 suu
902 4929 908 4964 :
964 4908 1025 4978 onio
1038 4909 1095 4979 ipsa
1110 4907 1175 4963 sidtu
1187 4908 1329 4979 aliquunde
1346 4909 1381 4964 ab
1396 4908 1566 4978 homiuibus,
1580 4914 1626 4982 qui
1642 4928 1668 4971 sc

121 5005 210 5071 beon,
226 5003 326 5074 inqiut,
343 5002 425 5067 mites,
439 5002 558 5070 proniori
571 5002 620 5072 ipsi
633 5001 778 5057 ltoerrditote
797 5003 911 5071 posside-
964 5001 1068 5068 fallunt,
1089 4999 1149 5055 talis
1176 5000 1377 5068 determinatur,
1404 5004 1478 5072 quasi
1500 5004 1615 5061 sulliciut
1640 5016 1666 5063 ta

121 5096 183 5150 brut
207 5105 310 5150 terrum
330 5091 388 5148 iarn
413 5102 509 5147 centem
529 5103 620 5162 operta
644 5102 725 5157 suut,
747 5094 836 5158 clnrn,
864 5108 910 5148 suia
964 5091 1166 5147 ruoilucredcre
1186 5089 1357 5161 (promittunt
1371 5093 1442 5148 enim
1465 5095 1515 5149 sibi
1539 5096 1650 5166 quidam

122 5197 217 5258 sponte
229 5184 621 5258 cognoscunturtdispututore
632 5200 684 5240 non
697 5193 911 5255 egent,comrne
963 5192 1134 5253 cotrspeetum
1154 5183 1201 5238 liei
1225 5199 1389 5254 rugorumque
1415 5186 1543 5240 eoelorum
1566 5187 1668 5246 creden

123 5285 256 5334 moratore
273 5288 340 5347 opus
354 5275 462 5331 hubent.
477 5274 548 5330 Brun
566 5291 608 5346 pot
625 5275 719 5347 tepent.
735 5274 800 5343 Quis
817 5277 911 5348 lugens
966 5276 1035 5331 rurale
1055 5273 1200 5346 uiuentes);
1222 5285 1314 5331 eourtra
1334 5276 1383 5331 bos
1403 5292 1547 5333 succensus
1570 5289 1598 5334 ct
1624 5280 1668 5352 spi

153 5391 190 5453 (op
205 5389 303 5448 mermi,
314 5391 448 5453 opinamur,
456 5401 596 5441 ,ermonem
603 5389 643 5450 ῃ,
654 5389 687 5440 de
697 5389 818 5441 ,mro
826 5391 910 5442 mm,
963 5364 1092 5422 eburitate
1104 5365 1299 5436 quodammodo
1319 5367 1489 5424 stomecbaus
1502 5369 1621 5426 lacobus
1647 5388 1668 5443 at

121 5455 161 5511 72,
172 5465 217 5502 seu
227 5452 261 5524 de
272 5453 427 5524 unionebei,
437 5453 480 5515 qul
489 5453 562 5504 etlam
569 5453 847 5516 mnuogneltibitusiu
858 5462 910 5504 tiss.
965 5457 1005 5510 lus
1019 5458 1045 5510 iu
1059 5456 1176 5526 liptstoto
1186 5472 1233 5512 sua
1249 5457 1323 5523 dicit,
1347 5458 1385 5513 Tu
1410 5461 1491 5514 credis
1507 5464 1628 5533 quoniuttt
1641 5481 1668 5520 ttt

123 5512 469 5637 ¹¹⁰pffi¹¹gpgl¹elffiss¹ffib
771 5544 773 5547 ·
968 5547 1668 5614 bons.Puudistiblrletule:ntueudlseoimmulto
