3728 6276
118 256 189 313 illo

356 366 469 425 SERMO
487 363 609 423 cccxxt
625 365 673 436 (ιι).

123 484 172 542 tttt
194 483 308 540 libellum
329 483 412 538 sarad
431 481 539 537 hontinis
562 479 690 551 maudoit,
707 479 777 550 ,seria
799 477 908 533 secunda

457 571 575 628 Posrlaoe.

158 687 277 742 Diximus
290 686 397 756 quidem
412 684 538 741 besterna
556 684 611 752 die,
624 685 693 739 sicut
703 683 826 739 meminit
837 681 905 737 Cha·

120 780 186 836 titas
196 789 283 834 restra
294 797 301 833 ε
314 779 398 848 liujus
411 778 528 844 libellus,
539 785 661 847 aspectus
673 784 723 832 est.
734 775 834 831 Tamen
847 774 907 845 quia

119 872 248 927 nonnulla
262 871 338 926 nobis
357 869 495 936 iudicarit,
510 885 570 940 quae
583 884 662 925 nosse
678 868 792 932 debetis,
802 867 839 923 ad
853 882 908 922 ma-

118 960 206 1032 iorem
225 960 427 1021 admirationem
450 969 477 1015 et
497 959 603 1015 bomini
626 958 710 1014 nostri
732 958 859 1030 gloriam,
873 958 908 1012 de

120 1066 229 1106 satorum
252 1060 404 1106 sanctorum
423 1051 569 1116 memoriis,
585 1049 728 1121 dequibus
740 1049 839 1104 dictum
854 1058 905 1114 cst,

120 1140 239 1198 Pretiosa
260 1143 288 1196 in
306 1151 440 1213 conspeetu
460 1141 564 1197 Boneini
586 1158 654 1196 mors
677 1151 818 1196 sanctorum
841 1140 906 1211 ejus.

120 1231 209 1305 (Prot.
219 1249 283 1300 exr,
299 1233 359 1306 t5);
372 1234 453 1289 etiarn
467 1232 583 1288 libellum
595 1231 659 1287 dare
672 1232 759 1295 decet,
772 1231 816 1303 qui
828 1229 908 1285 habet

119 1323 209 1378 omnia
226 1338 285 1393 quae
299 1338 331 1377 ex
350 1324 409 1391 ejus
426 1337 474 1378 ore
485 1322 669 1394 cognorimus.
679 1320 733 1377 Sed
746 1321 769 1375 si
781 1319 907 1376 hominus

119 1410 244 1483 uoluerit,
259 1416 336 1472 hodie
352 1417 499 1488 parabitur,
513 1424 540 1472 et
552 1416 629 1471 vobis
644 1415 688 1472 die
702 1414 820 1471 crastino
838 1412 906 1468 reci-

120 1506 225 1562 tabitur.

351 1616 464 1673 sumto
481 1615 616 1672 cccxxtt
633 1613 680 1688 (l).

123 1706 174 1762 titt
198 1705 312 1761 libellum
337 1707 486 1778 promissum
508 1708 591 1760 sanati
614 1705 721 1759 lromiuis
739 1705 905 1776 presentavit,

371 1796 435 1866 [eia
447 1796 520 1851 tertia
537 1794 652 1850 Pascite.

155 1907 287 1963 Hesterno
296 1906 340 1964 die
349 1892 467 1964 libellum
481 1907 650 1977 promisimus
661 1905 787 1961 Clraritati
799 1915 904 1970 vestrm,

114 1998 164 2052 ubi
181 1998 216 2053 de
236 1998 281 2054 illo
300 2008 393 2054 sanato
410 1999 502 2054 authrc
516 1999 595 2054 etiam
611 2000 728 2069 possitis,
744 2014 803 2071 quae
815 1998 906 2054 videre

118 2107 172 2146 non
194 2093 327 2161 potuistis.
348 2092 376 2148 Si
399 2107 463 2164 ergo
485 2092 711 2163 placetharitati
732 2102 837 2160 restrae,
853 2093 906 2147 imo

118 2184 179 2253 quia
194 2183 298 2253 placere
311 2183 391 2239 debet
400 2183 471 2255 quod
486 2183 590 2238 etmihi
606 2182 704 2254 placet,
718 2183 798 2238 ambo
812 2183 906 2239 iratres

113 2282 188 2327 stent
202 2273 229 2328 in
244 2283 386 2344 conspectu
398 2283 486 2330 restro
499 2292 505 2328 :
518 2283 546 2330 ut
558 2274 602 2345 qul
618 2273 692 2329 illum
705 2289 757 2328 non
771 2272 904 2341 uiderant,

117 2364 145 2419 iu
161 2365 211 2420 isto
225 2365 332 2420 rideant
345 2364 407 2435 quid
421 2365 466 2420 dle
480 2364 636 2434 patiebatur.
652 2363 730 2420 Stent
743 2378 806 2433 ergo
816 2365 904 2429 ambo,

114 2469 186 2508 unus
205 2456 248 2509 cui
266 2454 362 2510 donata
381 2463 422 2510 est
442 2455 541 2527 gratia,
559 2466 586 2510 et
602 2455 670 2510 alter
683 2455 725 2509 cui
739 2452 850 2524 peteuda
865 2462 907 2509 est

117 2544 312 2599 misericordia.

154 2633 294 2706 Exemplar
307 2635 384 2690 libelli
397 2653 413 2690 ιι
428 2634 511 2692 Paulo
526 2635 580 2690 doti
591 2636 730 2708 Augustino
743 2638 869 2709 episcopo.

118 2727 203 2798 Rogo,
223 2727 331 2783 domine
351 2729 504 2785 beatissime
528 2744 594 2800 papa
616 2730 778 2800 Augustino,
794 2740 823 2785 ut
837 2730 907 2786 hunc

155 2817 272 2873 libellum
286 2835 385 2886 meum,
397 2835 475 2892 quem
488 2837 522 2876 ex
533 2832 666 2894 praecepto
679 2832 724 2877 tuo
736 2822 830 2891 obtuli,
843 2838 905 2878 sau-

153 2917 204 2962 ctae
217 2909 286 2979 plebi
301 2910 393 2980 lubeas
408 2911 523 2965 recitari.

153 2999 220 3054 Cum
241 2999 328 3055 adhuc
349 3000 374 3054 in
396 3000 479 3069 patria
498 3011 590 3058 nostra
604 3001 906 3074 CaesareaCappadociae

119 3104 297 3157 moraremur,
310 3090 391 3145 trater
405 3101 495 3146 noster
509 3102 571 3147 natu
590 3092 675 3162 major
685 3095 809 3163 grauibus
828 3104 906 3165 atque

118 3178 294 3234 intolerandis
311 3194 479 3235 corrtrnunem
503 3192 616 3237 matrem
638 3183 727 3239 allusit
747 3184 860 3254 injuriis,
879 3187 906 3242 iu

119 3279 221 3324 tautum
247 3280 274 3325 ut
296 3272 320 3326 ci
343 3273 422 3327 etiam
447 3288 541 3328 ritanus
566 3289 618 3329 nou
640 3275 773 3332 dubitaret
796 3277 905 3333 inlcrre.

117 3361 193 3430 Quod
203 3377 250 3416 tros
261 3376 354 3416 omnes
366 3361 411 3416 iulii
428 3364 527 3432 pariter
538 3365 689 3435 cougregati
701 3366 831 3434 patienter
843 3367 905 3421 tub-

119 3467 190 3518 nrus,
203 3460 232 3507 ut
252 3467 286 3507 ne
301 3452 411 3508 verbum
431 3452 536 3523 quidem
558 3455 633 3510 iratri
653 3465 744 3511 nostro
759 3471 808 3526 pro
822 3467 906 3512 matre

120 3554 221 3610 nostra,
232 3558 280 3599 cur
292 3544 344 3598 hoc
357 3544 464 3611 laceret,
474 3544 630 3602 dixerimus.
640 3544 686 3602 illa
699 3557 787 3604 autem
801 3548 905 3605 leminei

118 3634 217 3689 doloris
239 3635 354 3690 stimulis
377 3637 493 3700 urcitata,
514 3638 670 3707 injuriosum
692 3639 775 3695 lilium
795 3642 906 3697 maledi·

52 3723 53 3726 ’
118 3727 204 3782 cende
216 3729 309 3798 punire
321 3730 468 3785 constituit.
481 3730 599 3801 Cautaque
613 3730 646 3786 ad
657 3733 724 3787 sacri
738 3733 907 3805 Baptismatis

118 3819 218 3874 irrntem
233 3830 293 3889 post
303 3822 433 3891 gallorum
446 3833 540 3877 cantus
551 3833 700 3879 memorato
711 3824 765 3880 illio
779 3841 827 3881 suo
839 3826 905 3880 iram

120 3909 167 3965 bei
191 3910 366 3981 imprecatura
385 3923 549 3983 properaret,
568 3922 631 3970 tunc
651 3915 676 3971 ei
694 3917 784 3971 nescio
801 3918 859 3987 quis
879 3921 905 3972 iu

119 4003 206 4070 patrui
225 4004 308 4058 uostri
326 4004 510 4071 similitudine,
524 4015 552 4060 ut
565 4007 728 4078 intelligitur,
741 4008 846 4064 daemon
862 4025 904 4066 oc·

117 4094 212 4157 currit,
233 4103 261 4148 et
284 4094 317 4148 ab
337 4109 368 4148 ea
389 4096 461 4163 prior
480 4111 534 4166 quo
551 4107 674 4169 pergeret
696 4102 841 4169 requisivit.
857 4101 905 4157 Cui

118 4180 173 4246 illa,
192 4181 224 4233 ad
240 4182 451 4238 rrralcdiceudum
466 4184 519 4239 lilio
531 4201 581 4240 suo
593 4186 627 4241 ob
640 4188 831 4245 intolerabilem
845 4205 906 4246 eon·

120 4269 254 4324 turucliam
267 4285 297 4325 se
310 4272 348 4326 irc
361 4274 508 4342 respondit.
522 4275 597 4331 Tunc
608 4287 696 4331 autem
714 4278 757 4333 ille
771 4280 903 4347 inimicus,

119 4359 243 4429 quoniam
264 4359 290 4414 in
311 4361 431 4418 mulieris
450 4363 531 4420 corde
552 4365 700 4423 insaniente
721 4368 808 4425 locum
828 4372 904 4427 tacite

120 4449 239 4509 invenire
262 4454 356 4524 proluit,
376 4464 406 4509 ut
425 4456 549 4512 onarribus
572 4459 743 4517 malediceret
763 4466 902 4531 persuasit.

118 4542 164 4598 llla
180 4553 268 4598 arrum
282 4546 397 4615 vipereis
413 4546 574 4605 inflammata
584 4552 711 4615 consiliis,
726 4568 829 4609 sacrum
842 4554 903 4610 ion·

116 4645 170 4711 turn
191 4638 330 4707 provoluta
350 4639 487 4708 corripuit,
503 4649 530 4696 et
543 4643 643 4712 sparsis
654 4645 772 4701 crinibus
786 4648 904 4702 nudatis·

116 4742 168 4796 que
188 4728 313 4783 uberibus
334 4727 385 4782 hoe
401 4744 416 4782 a
434 4729 489 4785 Deo
509 4732 676 4802 potissimum
697 4738 852 4805 postulavit,
876 4749 904 4794 ut

115 4825 237 4872 extorres
255 4817 337 4886 patria
351 4829 375 4872 et
388 4821 584 4878 circumeuntes
603 4824 703 4880 alienas
717 4836 812 4893 terras,
824 4845 903 4885 oraine

117 4903 254 4961 homiuum
277 4921 360 4977 genus
385 4920 474 4965 nostro
499 4921 660 4970 terreremus
684 4920 817 4987 exemplo.
841 4921 901 4976 ilux

115 5005 250 5052 trraternas
270 5012 363 5068 preces
385 4999 479 5057 efficax
497 5004 612 5059 vindicta
631 5008 809 5077 prosequitur,
825 5025 901 5065 eum·

58 5080 61 5090 '
114 5086 228 5159 demque
250 5093 375 5148 continno
397 5095 506 5152 tratrem
530 5107 651 5154 nostrum
674 5111 751 5157 aetate
771 5105 901 5176 culpaque

113 5180 242 5249 nrajurem
257 5190 357 5239 tremor
367 5188 545 5244 membrorum
556 5199 645 5247 uatus
656 5193 761 5262 invasit,
773 5210 899 5267 quantum

113 5268 139 5322 iu
153 5284 196 5324 ane
211 5286 296 5341 usque
310 5275 436 5331 antehoc
451 5278 565 5333 triduum
579 5291 666 5338 vestra
678 5284 810 5343 Sanctitas
824 5289 898 5348 vidit.

111 5358 222 5417 Serrmo
239 5373 327 5418 autem
345 5366 449 5435 urdine,
465 5383 517 5439 quo
531 5371 585 5425 nati
601 5388 717 5441 eramus,
733 5378 801 5434 intra
816 5396 898 5437 uuum

111 5465 209 5507 arrarum
224 5456 316 5511 eadem
330 5473 378 5513 nos
392 5475 470 5530 poena
481 5478 575 5519 orrrnes
585 5466 722 5538 corripuit.
736 5469 832 5529 Videas
846 5490 897 5529 au·

141 5605 167 5665 (a
190 5603 259 5666 abas,
269 5608 301 5659 ιιι
313 5613 417 5664 bircrsts
424 5615 462 5667 ιιι.

139 5664 166 5729 (ι
187 5667 244 5719 ura.
256 5672 295 5720 st.

735 247 763 304 S.
784 240 964 301 obtusum
983 240 1132 298 urtscort

1685 256 1749 316 {dil

964 364 1018 412 tem
1041 366 1126 413 mater
1144 357 1345 416 maledictiones
1365 354 1428 416 suas
1446 349 1479 417 a'd
1495 373 1595 421 tantam
1609 366 1750 427 efficaciam

961 450 1125 516 pervenisse,
1146 448 1289 519 impietatis
1309 465 1367 507 suae
1389 455 1582 512 conscientiam
1604 467 1632 515 et
1654 475 1749 533 oppro-

961 537 1049 595 brium
1064 538 1201 596 bominum
1216 541 1315 600 diutius
1327 544 1397 602 lerre
1408 562 1461 602 uon
1475 552 1581 619 potuit:
1596 553 1644 608 sed
1659 555 1751 625 laqueo

960 643 1050 704 guttur
1058 637 1218 708 astringens,
1230 638 1377 696 luctuosam
1386 645 1467 699 vitam
1479 650 1594 704 termino
1607 651 1750 711 funestiore

960 726 1100 782 coadusit.
1117 728 1224 798 Egressi
1237 746 1301 802 ergo
1320 749 1370 789 uus
1389 750 1493 803 omues,
1508 743 1684 810 opprobrium
1704 763 1749 802 uo-

959 825 1043 871 strum
1054 831 1107 872 non
1120 817 1248 888 terentes,
1256 830 1283 877 et
1292 837 1461 882 communem
1472 831 1584 899 patriam
1597 834 1749 905 relinquen-

960 914 1001 962 tes
1015 909 1112 977 passim
1127 925 1219 966 sumus
1233 928 1281 982 per
1295 913 1399 972 diuersa
1413 917 1538 988 dispersi.
1552 921 1594 979 Ex
1609 925 1688 981 nobis
1705 943 1748 982 au·

960 1007 1013 1053 tem
1027 1001 1150 1058 primibus
1164 1003 1256 1060 decem
1278 1005 1413 1077 iratribus,
1431 1012 1476 1082 qui
1501 1016 1629 1072 nascendi
1648 1035 1748 1090 qaoque

957 1090 1052 1147 ordine
1066 1093 1179 1162 primum
1192 1097 1313 1167 sequitur
1325 1098 1358 1154 ad
1370 1101 1479 1171 gloriosi
1494 1108 1624 1178 martyris
1634 1109 1748 1167 Lauren·

959 1181 988 1237 tii
1007 1186 1179 1254 memoriam,
1192 1202 1252 1258 quae
1266 1189 1336 1259 apud
1348 1191 1501 1249 ilarennam
1518 1213 1606 1268 nuper
1620 1201 1747 1258 collocata

958 1283 1009 1341 est,
1028 1275 1097 1332 sicut
1120 1278 1278 1347 audirimus,
1300 1283 1398 1339 meruit
1420 1287 1574 1344 sanitatem.
1590 1291 1649 1362 Ego
1662 1303 1746 1350 autem

957 1366 1002 1435 qui
1017 1367 1143 1424 nascendi
1155 1369 1249 1427 ordine
1262 1386 1321 1428 sum
1334 1384 1425 1430 sextus
1437 1375 1556 1443 illorum,
1569 1395 1633 1436 cum
1648 1383 1699 1438 hac
1708 1401 1748 1439 so

957 1471 1020 1514 rore
1040 1473 1111 1525 mea,
1132 1475 1192 1530 quae
1214 1478 1258 1518 me
1277 1472 1355 1520 aetate
1378 1466 1565 1538 subsequitur,
1590 1473 1746 1546 ubicumque

957 1547 1085 1615 gentium,
1097 1548 1257 1622 ubicumque
1269 1560 1399 1608 terrarum
1413 1556 1471 1612 loca
1484 1572 1545 1614 esse
1557 1574 1646 1629 sacra,
1659 1564 1683 1618 in
1694 1567 1746 1634 qai·

957 1634 1007 1694 bus
1020 1649 1176 1709 operaretur
1193 1641 1263 1697 Deus
1283 1642 1420 1710 miracula,
1433 1651 1640 1719 comperissem,
1655 1670 1745 1726 magno

957 1724 1115 1784 desideratae
1131 1729 1252 1788 sanitatis
1268 1747 1359 1789 amore
1377 1736 1518 1806 carpebam
1534 1740 1664 1798 iter.Sed
1678 1755 1706 1800 m
1716 1746 1745 1800 de

957 1817 1063 1872 ceteris
1079 1818 1262 1877 celeberrimis
1280 1835 1431 1881 sanctorum
1449 1826 1515 1883 locis
1531 1839 1654 1896 taceam,
1672 1837 1745 1891 et'um

957 1905 991 1961 ad
1001 1909 1150 1975 Anconam,
1160 1911 1241 1967 ludite
1252 1914 1397 1984 civitatem,
1409 1917 1453 1973 ubi
1466 1935 1515 1989 per
1524 1921 1745 1991 gloriosissimum

957 2004 1099 2069 martyrem
1121 1999 1286 2072 Stephanum
1311 2007 1395 2062 multa
1408 2009 1534 2066 miracula
1549 2013 1746 2089 Donninusope

957 2095 1042 2156 ratur,
1057 2090 1150 2146 eadem
1165 2092 1321 2150 circuitione
1338 2101 1456 2166 perveni.
1470 2101 1522 2159 Sed
1541 2105 1603 2160 idco
1622 2109 1686 2163 alibi
1703 2127 1745 2165 cu-

957 2179 1011 2231 rari
1027 2194 1080 2233 non
1093 2181 1177 2250 potui,
1191 2183 1251 2251 qnia
1265 2183 1326 2240 huic
1339 2185 1398 2243 loco
1411 2188 1500 2245 diviua
1515 2194 1745 2262 praedestinatione

959 2266 1095 2325 seruabar.
1114 2268 1171 2325 Nec
1188 2270 1290 2328 Uzalim
1315 2275 1447 2332 civitatem
1464 2281 1559 2337 atricae
1579 2290 1743 2357 praetermisi,

957 2355 1002 2412 ubi
1021 2358 1113 2414 beatus
1132 2370 1233 2434 martyr
1245 2364 1396 2434 Stephanus
1412 2384 1507 2441 magna
1520 2375 1685 2442 praedicatur
1697 2380 1744 2434 lre·

956 2458 1071 2518 quenter
1084 2453 1201 2522 operari.
1218 2453 1403 2514 Verumtamen
1420 2471 1481 2516 ante
1498 2462 1547 2519 ltus
1563 2477 1619 2522 tres
1632 2485 1743 2538 menses,

957 2539 984 2594 id
998 2548 1048 2607 est,
1066 2543 1234 2599 calendarum
1252 2545 1432 2615 januariarum
1449 2553 1457 2583 ¹
1470 2553 1524 2618 die,
1537 2564 1592 2610 tam
1605 2572 1658 2630 ego
1670 2577 1743 2631 quam

956 2643 1034 2685 soror
1054 2645 1124 2697 turea,
1140 2649 1199 2703 quae
1214 2635 1257 2690 bic
1270 2651 1374 2693 mecum
1395 2652 1446 2702 est,
1465 2644 1559 2700 eadem
1579 2647 1669 2705 adbuc
1687 2668 1742 2721 pas·

957 2721 1033 2776 sione
1045 2720 1164 2789 detenta,
1176 2725 1291 2782 evidenti
1304 2743 1396 2786 sumus
1410 2734 1511 2791 risione
1523 2742 1691 2796 commoniti.
1704 2745 1743 2798 alit

958 2810 1029 2865 cuim
1044 2811 1109 2866 mihi
1125 2813 1232 2883 quidam
1255 2827 1363 2887 aspectu
1383 2821 1486 2889 clarus,
1506 2835 1534 2880 et
1546 2828 1663 2884 candido
1676 2833 1743 2889 crine

958 2900 1130 2968 venerabilis,
1150 2903 1222 2972 quod
1241 2905 1308 2961 intra
1329 2910 1438 2966 tertium
1459 2929 1579 2971 mensem
1600 2919 1742 2977 desiderata

957 3001 1029 3046 essct
1044 2991 1108 3046 milri
1126 2994 1226 3049 sanitas
1238 2995 1367 3053 adiutura.
1379 2999 1469 3057 Sorori
1484 3014 1573 3060 autem
1588 3024 1657 3065 meae
1670 3013 1694 3067 iu
1708 3018 1742 3066 ri-

958 3078 1034 3136 sione
1045 3080 1177 3138 Sanctitas
1191 3092 1235 3139 tua
1250 3086 1276 3140 in
1289 3102 1320 3143 ca
1334 3087 1432 3160 eiilgie,
1450 3093 1477 3147 in
1491 3111 1542 3165 qua
1559 3107 1586 3153 te
1602 3113 1742 3170 praesentes

957 3171 1088 3238 videmus,
1103 3175 1224 3242 apparuit
1237 3194 1244 3231 :
1257 3191 1305 3247 per
1317 3180 1387 3249 qnod
1408 3184 1484 3239 nohis
1503 3187 1681 3257 signiticatum
1696 3206 1741 3259 est,

957 3261 992 3316 ad
1005 3263 1083 3317 istum
1097 3263 1184 3319 locum
1196 3281 1246 3322 nos
1255 3270 1346 3325 venire
1357 3272 1490 3331 debuisse.
1503 3278 1569 3334 Nam
1582 3294 1609 3338 et
1624 3300 1674 3355 ego
1684 3287 1743 3342 ilea-

957 3352 1096 3409 titudinem
1108 3366 1179 3410 tuam
1195 3361 1293 3429 saepius
1307 3372 1397 3431 postea
1411 3364 1534 3424 videbam
1548 3387 1597 3441 per
1610 3377 1675 3431 alias
1685 3380 1742 3432 civi-

959 3452 1027 3499 tates
1037 3445 1063 3499 in
1075 3446 1179 3512 itinere,
1193 3463 1247 3520 quo
1260 3453 1442 3521 veniebamus,
1456 3460 1534 3515 talem
1548 3479 1669 3535 prorsus,
1684 3486 1742 3539 qua-

957 3537 1012 3592 lem
1025 3537 1105 3592 modo
1117 3541 1261 3609 conspicio.
1277 3543 1412 3602 Admoniti
1425 3565 1489 3620 ergo
1501 3554 1619 3611 evidenti
1633 3565 1742 3615 auctori·

959 3634 1012 3681 tate
1030 3626 1129 3694 diviua,
1152 3629 1185 3684 ad
1208 3628 1278 3686 banc
1298 3635 1418 3692 verrimus
1439 3641 1576 3698 ciuitatem
1603 3658 1666 3705 autc
1690 3652 1741 3706 dies

958 3717 1042 3774 icrme
1054 3719 1214 3788 quindecim.
1226 3723 1360 3781 Passionis
1379 3744 1444 3784 meae
1461 3733 1502 3786 rel
1522 3737 1592 3791 oculi
1612 3743 1691 3796 vestri
1706 3752 1741 3798 te·

958 3819 1012 3864 stes
1026 3819 1097 3874 sunt,
1108 3813 1149 3866 rel
1165 3814 1321 3870 nriserabiiis
1331 3833 1408 3874 soror
1418 3836 1486 3885 mea,
1500 3841 1560 3894 quae
1573 3829 1608 3883 ad
1621 3832 1741 3887 enrditio·

958 3914 1019 3955 nem
1030 3902 1159 3968 ornnium,
1175 3907 1325 3962 communis
1339 3909 1401 3964 mali
1417 3914 1516 3981 prabet
1531 3922 1685 3991 exemplum
1698 3941 1705 3978 :
1717 3936 1741 3978 ut

957 3991 1001 4061 qui
1019 3992 1045 4044 in
1066 3992 1110 4045 illa
1129 3993 1215 4062 qualis
1232 4009 1283 4066 ego
1296 3997 1392 4054 luerim
1408 4002 1507 4071 rident,
1522 4006 1548 4060 in
1563 4023 1608 4064 me
1620 4025 1741 4081 quantum

957 4081 1147 4151 perspiritum
1168 4093 1289 4141 sanctum
1307 4102 1384 4144 satum
1404 4091 1531 4151 Dorrriuus
1552 4099 1588 4152 sit
1610 4113 1740 4172 operatus,

957 4181 1111 4242 agnoscant.
1125 4173 1238 4230 Orabam
1251 4192 1301 4248 ego
1315 4181 1431 4249 quotidie
1452 4200 1511 4240 cum
1538 4193 1644 4260 magnis
1663 4194 1742 4266 lacry-

956 4264 1048 4318 misia
1069 4263 1128 4318 loco
1146 4265 1191 4320 ubi
1210 4277 1252 4322 est
1272 4272 1399 4325 memoria
1417 4273 1603 4343 glurrusrssum
1624 4286 1743 4355 martyris

957 4354 1095 4424 Stephani.
1111 4356 1157 4410 Dic
1170 4370 1257 4415 autem
1272 4360 1404 4418 dominico
1417 4364 1543 4435 Paschae,
1556 4371 1628 4426 sicut
1646 4374 1690 4429 alii
1703 4377 1743 4445 qui

956 4453 1103 4513 praesentes
1124 4456 1210 4513 erant,¹
1230 4448 1362 4518 viderunt,
1383 4453 1445 4510 dum
1467 4472 1549 4512 orans
1567 4475 1630 4515 cum
1654 4480 1743 4535 uraguo

956 4531 1021 4588 iletu
1042 4535 1174 4590 caucellos
1194 4546 1282 4606 tenco,
1298 4542 1385 4599 subito
1398 4545 1491 4601 cecidi.
1506 4549 1647 4608 Alienatus
1660 4565 1743 4610 autem

955 4638 971 4677 a
986 4638 1076 4691 sensu,
1090 4624 1135 4680 rabi
1154 4626 1247 4682 luerim
1262 4633 1363 4687 nescio.
1379 4635 1441 4691 Post
1453 4639 1588 4707 paululum
1602 4650 1741 4714 assurrexi,

957 4725 985 4772 et
1003 4716 1077 4771 illum
1096 4727 1237 4776 tremorem
1254 4723 1280 4776 iu
1294 4739 1405 4797 corpore
1418 4744 1479 4785 meo
1494 4747 1547 4787 non
1564 4736 1666 4794 inveni.
1682 4741 1743 4795 lluic

955 4806 1045 4875 itaque
1056 4816 1129 4864 tarrto
1139 4809 1185 4865 Dei
1196 4811 1326 4869 benefacio
1337 4833 1388 4871 non
1402 4819 1529 4890 ingratus,
1543 4826 1615 4882 hamc
1629 4831 1741 4888 libellum

954 4897 1056 4964 obtuli;
1076 4899 1102 4952 in
1117 4915 1170 4969 quo
1192 4903 1271 4957 etiam
1294 4921 1352 4976 quae
1374 4908 1408 4964 de
1430 4915 1529 4968 nostris
1550 4919 1741 4978 calamitatibus

971 5030 993 5098 '¹
1007 5034 1032 5078 tn
1055 5031 1121 5092 prius
1144 5032 1228 5105 editis,
1244 5034 1379 5112 judarwrt.
1392 5047 1498 5113 limatum
1508 5059 1578 5108 sane,
1592 5065 1647 5112 pro,
1660 5055 1742 5117 jamra·

952 5101 1046 5140 nortun
1057 5101 1099 5141 aut
1109 5092 1294 5166 [sincerarum.
1307 5099 1331 5149 td
1339 5104 1456 5165 srqurdcm
1468 5110 1587 5169 agebatur
1603 5112 1665 5164 teria
1677 5120 1742 5167 tertia

953 5152 1061 5224 Paschae,
1075 5165 1137 5226 anno
1149 5155 1309 5231 iorsrtanltd,
1324 5176 1373 5224 quo
1390 5167 1476 5216 Pascha
1494 5171 1519 5218 in
1537 5173 1622 5233 aprilis
1633 5177 1698 5227 diem
1718 5179 1742 5226 ta

952 5210 1043 5284 incedat.
1062 5222 1110 5286 troc
1128 5229 1204 5278 rpsum
1222 5221 1362 5272 musculum
1379 5231 1524 5290 augustinus
1543 5234 1568 5281 in
1589 5233 1652 5286 libro
1668 5239 1697 5288 Ξ
1713 5239 1741 5287 de

951 5278 1050 5323 etrttme
1062 5282 1181 5350 Demeap.
1193 5279 1217 5339 8,
1228 5283 1275 5330 sub
1286 5281 1420 5337 linemanni
1433 5289 1478 5338 tto
1488 5297 1625 5357 conscripto
1632 5302 1740 5356 barram,

952 5342 1079 5408 postquam
1094 5338 1188 5411 ibidem
1199 5341 1270 5414 paulo
1281 5352 1337 5395 aute
1348 5345 1380 5396 de
1399 5347 1489 5402 libellis
1499 5353 1551 5404 dari
1564 5357 1657 5420 solitis,
1676 5375 1704 5412 ac
1713 5363 1741 5410 de

951 5406 1067 5446 memona
1077 5398 1199 5472 stephan·
1208 5408 1396 5470 hipponeregio
1408 5420 1530 5464 exstructa
1541 5417 1663 5481 dixisset,
1678 5442 1689 5468 ι
1700 5432 1740 5473 bec

955 5471 967 5502 ι
977 5463 1059 5506 umen
1070 5471 1158 5532 omma·
1168 5463 1282 5535 uernacula
1301 5469 1428 5519 subtatum
1439 5473 1520 5539 colligi
1532 5486 1682 5542 potuerunt,
1701 5485 1739 5533 sed

954 5533 966 5562 ι
977 5524 1069 5568 tanturn
1077 5520 1206 5583 dequibus
1216 5523 1292 5576 labelli
1303 5527 1352 5578 dati
1363 5542 1434 5592 sunt,
1445 5538 1487 5597 qui
1495 5538 1661 5593 recitarentur
1669 5549 1693 5594 in
1705 5560 1740 5607 pu

954 5593 965 5622 ι
976 5575 1048 5640 pulis.
1059 5580 1083 5630 td
1094 5594 1198 5646 namque
1209 5582 1260 5635 deri
1270 5587 1402 5642 voluimusx
1414 5602 1461 5645 etc
1474 5600 1602 5650 «nemum
1614 5614 1654 5655 ast
1664 5616 1740 5657 auten

954 5656 965 5684 ι
977 5640 1113 5759 bienngrupam
1124 5657 1211 5757 egoque
1222 5649 1284 5714 apud
1293 5653 1538 5723 hipponem-ttegium
1545 5664 1621 5728 ttoeplt
1632 5678 1688 5721 esse
1699 5675 1739 5719 uu

954 5722 1039 5758 turem
1168 5741 1175 5754 ·
