3728 6276
732 282 849 369 51111110
866 279 975 342 emti.
1599 289 1672 351 qm

142 405 200 463 lanc
217 413 260 462 est
279 401 397 461 Candida
420 400 564 473 llartprum
583 399 680 456 llasm.
702 398 732 455 st
744 411 826 455 cerusa
878 411 948 453 cam
961 397 1009 454 ils
1019 413 1101 456 sanas
1114 401 1195 458 esaei
1207 409 1273 473 puto
1285 404 1473 476 nemoestqul
1486 403 1568 472 dicat,
1580 403 1670 461 Nolo:
1771 438 1772 443 ι

142 517 163 568 ι,
177 498 300 556 miluum
314 494 536 554 eludualdum
550 494 622 552 euim
636 492 707 550 dicta
720 500 775 558 est,
790 488 826 548 de
878 503 959 545 namo
971 490 1045 546 enim
1057 490 1115 549 vult
1125 492 1229 550 dolere.
1241 493 1348 550 Sanitas
1365 495 1447 551 etiam
1465 494 1491 551 in
1512 494 1593 551 divite
1606 510 1669 565 pre·

159 589 329 647 multitudine
344 588 381 660 (a)
393 603 402 654 3
414 586 531 645 Candida
542 629 550 654 ‚
563 586 597 643 de
609 599 698 642 causas
711 583 825 656 iulqora.
879 580 964 648 dosa.
980 589 1053 638 certe
1076 583 1104 637 ln
1125 598 1242 656 paupera
1263 594 1307 640 est
1327 586 1394 641 sola.
1416 585 1470 642 Sed
1484 584 1547 657 quid
1562 583 1672 656 prodest

142 681 203 737 nulti
227 680 340 736 comites
365 694 420 736 non
446 679 592 735 timuerunt
616 677 742 735 latrones.
771 674 826 733 Sed
878 672 1152 742 opolentiadirlci,ai
1165 675 1332 733 sanitasuou
1345 676 1447 742 sitini,
1462 693 1523 748 quae
1540 677 1670 748 patrimo·

161 772 258 844 singuli
280 769 465 838 ambularent,
481 770 575 826 muniti
586 777 676 826 essent
696 765 827 824 aduersus
878 762 952 819 nium
962 772 1006 819 est
1017 765 1147 836 pauperii
1161 766 1244 824 valde
1258 767 1339 825 uellet
1358 766 1435 826 diues
1454 769 1552 826 lectum
1571 783 1671 840 argen-

142 863 219 929 tium3
230 863 293 935 quia
306 861 415 935 ipsanio
427 863 515 919 iuerat
527 860 731 917 munimentum.
744 858 825 914 dueta
878 860 951 910 teum
963 869 1024 912 eum
1036 857 1163 930 pauperis
1174 867 1279 917 mutare
1289 859 1387 931 cilicio,
1400 860 1423 918 si
1437 869 1528 933 posset
1539 861 1673 934 egritudo

142 951 700 1028 ninquit,teandoluporueruntmilti(Paul.
711 966 824 1022 oxxxu,
877 944 993 1018 mignm
1004 961 1065 1005 cum
1079 948 1159 1006 lecto.
1175 949 1246 1008 licus
1258 951 1292 1009 ad
1309 951 1363 1008 duo
1383 953 1433 1008 ista
1453 955 1590 1011 consensit
1603 954 1670 1010 milri

142 1048 208 1120 ‚qus
226 1063 280 1104 110„
295 1047 436 1104 aalma„
451 1046 575 1118 mmo„
586 1046 695 1103 cadrei„
710 1044 825 1102 mm.
876 1037 997 1094 omnium
1007 1041 1203 1108 teosueuium
1213 1042 1670 1115 etsauitatem.llumquidomnium

142 1140 247 1198 ahemm
258 1147 348 1196 autem
359 1149 387 1197 et
398 1156 529 1198 summam
541 1149 570 1196 et
579 1138 685 1196 ddelem
695 1139 826 1210 pollicita-
877 1144 972 1187 aeuus
993 1133 1129 1189 consensit
1146 1133 1181 1191 ad
1198 1135 1339 1192 militiam?
1352 1135 1480 1207 numquid
1500 1136 1618 1192 omnium
1634 1136 1669 1192 ad

148 1233 253 1289 liomini
267 1234 352 1289 nostri
365 1231 431 1291 lesu
442 1231 542 1290 christi
555 1233 684 1300 dicentis,
700 1230 754 1304 Epo
766 1247 825 1289 tum
876 1222 1085 1292 deflendorum?
1106 1224 1235 1298 numquid
1255 1226 1376 1283 omnium
1397 1225 1433 1283 ad
1453 1227 1671 1299 nauigationem?

142 1325 241 1391 teritos,
254 1332 278 1380 et
288 1325 340 1380 ritu
353 1324 443 1397 (loon.
457 1341 511 1393 mr,
521 1326 561 1397 d).
876 1311 1000 1370 Omnium
1013 1313 1049 1371 ad
1061 1315 1143 1371 vitam
1155 1324 1184 1372 et
1198 1317 1348 1373 sanitatem.
1678 1368 1680 1373 ,

142 1428 215 1474 pamm
229 1419 306 1473 pipam
319 1435 415 1485 omna,
428 1419 455 1473 p'pp
469 1418 566 1475 dipem
578 1417 636 1474 lim
648 1418 707 1474 pila
722 1433 824 1491 mm·
911 1402 1025 1464 CAPUT
1039 1405 1073 1463 V·
1084 1435 1121 1449 ···
1131 1405 1198 1463 clim
1215 1423 1279 1478 el'gl)
1293 1418 1335 1464 881
1353 1407 1433 1464 1101110
1444 1408 1522 1464 vivut
1534 1416 1564 1465 01
1575 1423 1668 1475 sanda,

142 1510 238 1565 potum.
253 1507 346 1566 omni,
360 1518 448 1565 quaem
461 1509 553 1579 homo,
566 1509 768 1581 qmltpqumqqp
777 1508 824 1578 sip,
876 1496 977 1553 nihilne
988 1496 1049 1569 plus
1061 1496 1179 1570 quaeritl
1191 1499 1220 1556 si
1234 1500 1336 1569 sapiat,
1350 1500 1420 1556 lorte
1436 1499 1504 1556 nihil
1519 1500 1579 1571 plus
1588 1498 1670 1556 debet

142 1599 199 1656 vult
211 1614 281 1657 esse.
298 1599 356 1657 uoq
373 1615 453 1657 nemo
471 1609 513 1658 ιιι
525 1601 569 1672 qui
584 1616 636 1656 110„
649 1599 728 1666 pepp,
744 1608 825 1671 atque
876 1603 1007 1659 quaerere.
1022 1588 1160 1647 duleum
1175 1602 1217 1648 est
1231 1591 1348 1663 perlecta
1362 1593 1414 1648 uita
1427 1602 1455 1648 et
1467 1594 1583 1665 perlecta
1595 1593 1670 1649 sani·

142 1699 166 1759 t,
180 1698 211 1746 ut
229 1705 284 1761 pre
301 1691 406 1748 caeteris
425 1691 506 1758 reilt;
522 1693 576 1747 imo
596 1692 755 1765 quicumque
768 1691 825 1749 uult
876 1689 935 1749 ¹²⁸·
949 1681 973 1739 ⁸¹
991 1683 1121 1756 (11111111
1138 1684 1271 1756 millius,
1285 1685 1473 1757 (1111111113ἰ
1486 1686 1581 1743 111011
1593 1684 1670 1758 ‘llll'

156 1782 328 1855 propterlroe
342 1799 424 1839 unum
437 1783 511 1840 uelit.
608 1805 615 1821 ·
874 1773 966 1831 1111181

142 1873 182 1932 tit
200 1874 245 1931 ΙΙΙ.
258 1904 295 1919 ·-
308 1875 428 1931 Diversis
440 1875 628 1947 cupiditatibus
642 1873 764 1932 nomines
776 1889 823 1930 ra·
911 1886 939 1943 5,
957 1884 1017 1942 vna
1028 1887 1056 1943 a„
1070 1885 1199 1944 ,1010er
1211 1905 1263 1944 „pm
1277 1889 1378 1960 proprie
1391 1889 1452 1945 pm,
1470 1886 1530 1944 upa
1542 1904 1594 1946 m
1609 1904 1669 1945 pm.

141 1975 190 2033 ‚et
199 1966 267 2024 aliut
278 1967 352 2038 cupit
365 1967 426 2033 ¹¹⁰0.
436 1967 504 2023 elius
514 1966 712 2043 unumunurn
725 1981 823 2038 tenera
876 1978 970 2045 mou,
984 1979 1032 2034 nau
1045 1995 1101 2052 pao
1115 1980 1197 2035 ann.
1212 1979 1444 2037 uamuunrunn
1459 1980 1486 2037 tn
1499 1979 1670 2038 mensarum

142 2058 236 2128 ”illle
259 2057 287 2114 11
306 2073 404 2129 iidem
423 2056 558 2121 humano,
573 2064 601 2114 el
614 2057 641 2113 ld
655 2056 825 2114 1111111111ῑῦ1
876 2070 925 2125 ltus
936 2070 1021 2144 impii.
1040 2070 1127 2126 Veniet
1138 2072 1210 2128 enim
1224 2072 1301 2135 doro,
1314 2072 1384 2127 sicut
1397 2069 1569 2143 Euangelium
1583 2073 1670 2143 loqui·

142 2149 277 2207 unirendi
291 2149 362 2206 alius
375 2148 445 2206 aliud
460 2149 539 2221 elegit
552 2158 581 2207 et
591 2148 706 2221 capessit
720 2165 728 2204 ε
744 2162 824 2204 nemo
876 2167 936 2224 app,
950 2162 1052 2232 qnando
1073 2177 1159 2216 mmm
1180 2162 1223 2232 qm·
1241 2170 1300 2216 ,qm
1320 2163 1347 2215 ξ,
1359 2162 1543 2227 mmmmm,
1563 2162 1669 2218 puppup

143 2255 177 2296 en
191 2254 359 2312 quocumque
376 2255 476 2313 genere
495 2239 556 2297 'vitae
575 2241 679 2310 electo,
701 2240 746 2313 qui
768 2254 823 2295 non
874 2265 959 2305 uocem
972 2251 1026 2321 pur
1039 2260 1086 2307 :et
1098 2252 1233 2323 procedent
1245 2253 1288 2321 qui
1302 2253 1363 2307 dene
1373 2261 1494 2324 eperunt,
1511 2253 1540 2307 in
1551 2269 1667 2310 emm.

157 2333 238 2387 uitam
260 2332 359 2403 cupiat.
377 2333 459 2388 Beata
477 2347 542 2405 ergo
560 2333 628 2401 uita,
648 2332 767 2389 omnium
781 2342 824 2388 eii
875 2342 981 2396 ctionem
993 2342 1068 2407 uitae,·
1081 2343 1125 2413 qui
1138 2358 1195 2397 aero
1208 2342 1274 2398 mule
1286 2351 1404 2415 eperunt,
1417 2343 1444 2398 in
1460 2344 1668 2401 resumendonent

142 2423 182 2478 uis
195 2423 480 2495 possessioasedqua
498 2423 620 2479 veniatur
633 2423 666 2478 ud
679 2439 822 2495 eam,qua
871 2416 1666 2506 judicii(loun.v,28et‘id).Erqoilliadprraemiunr,illiad
1706 2476 1710 2487 .

142 2529 166 2581 r,
180 2529 234 2586 quo
249 2514 344 2571 itinere
356 2522 429 2570 tento
443 2517 624 2586 perveniatur,
638 2515 700 2572 lude
713 2525 822 2571 mutro-
876 2531 1038 2578 tormcntum
1048 2539 1056 2591 ;
1067 2532 1095 2579 et
1105 2525 1209 2596 utrique
1218 2526 1320 2594 uiuunt,
1333 2524 1486 2596 rrecaliquis
1495 2541 1588 2582 corum
1597 2526 1668 2583 rnori

142 2616 186 2665 est.
201 2609 239 2663 dc
251 2622 299 2678 per
314 2607 365 2664 hue
377 2609 400 2664 si
412 2623 564 2679 queremus
576 2609 679 2665 beatam
696 2608 777 2664 vitam
795 2609 823 2664 iu
875 2620 973 2682 potest.
987 2610 1026 2667 llli
1041 2613 1085 2684 qui
1104 2614 1197 2669 uiuunt
1215 2615 1241 2669 in
1257 2615 1384 2685 prnurtn,
1399 2615 1593 2687 amplectuntur
1604 2615 1667 2673 dul·

153 2701 245 2757 nescio
266 2708 354 2757 utrum
374 2702 494 2759 invenire
515 2704 648 2775 possimus
663 2722 671 2759 ι
689 2719 741 2759 uon
760 2703 823 2775 quia
875 2703 1010 2759 cissinram
1025 2706 1107 2760 uitam
1122 2723 1129 2760 ε
1142 2705 1187 2776 qui
1206 2715 1293 2763 nutem
1309 2706 1400 2761 risrrnt
1413 2705 1440 2760 in
1460 2714 1606 2773 tnnncnto,
1621 2720 1669 2762 cu-

142 2792 267 2864 estquod
280 2794 440 2864 querimus,
454 2793 502 2849 sed
516 2795 645 2866 quianon
660 2795 686 2851 io
700 2794 760 2851 loeo
773 2809 823 2850 suo
875 2796 968 2866 piuut,
982 2797 1004 2852 si
1016 2796 1074 2852 duri
1088 2799 1187 2868 possit,
1201 2790 1278 2854 dnire
1293 2798 1370 2854 talem
1384 2799 1482 2865 vimm;
1498 2809 1525 2855 et
1539 2814 1617 2855 tremo
1629 2799 1669 2856 eis

144 2898 186 2938 us.
199 2884 274 2939 Alius
283 2884 347 2940 dicit
359 2903 366 2940 ε
378 2885 451 2941 Beati
461 2885 506 2955 qui
516 2887 639 2942 militant.
650 2886 732 2959 Negat
742 2887 820 2954 allus,
875 2887 920 2943 dat
939 2888 1091 2955 interitum,
1108 2898 1138 2945 ut
1150 2904 1229 2945 nome
1241 2890 1345 2946 aulcntt
1359 2890 1515 2948 cruciatum.
1535 2891 1589 2949 Sed
1607 2891 1669 2950 tide

149 2974 260 3039 silenti,
275 2976 322 3029 sed
344 2977 388 3046 qui
408 2990 501 3048 agrum
519 2978 619 3032 colunt.
633 2976 669 3032 Et
682 2977 732 3033 lroc
745 2987 824 3047 negat
875 2980 1040 3052 Scriptorum
1059 2982 1212 3054 loquentem
1231 2992 1259 3039 et
1272 2982 1469 3040 discernentem
1482 3001 1490 3040 ι
1503 2998 1557 3039 non
1571 2991 1613 3040 est
1624 2983 1669 3040 di·

141 3077 159 3124 rt
170 3068 255 3124 dicit:
272 3069 345 3123 Beati
367 3069 411 3139 qui
433 3069 460 3124 in
482 3067 540 3124 loro
561 3069 680 3140 populari
702 3069 823 3127 claritate
874 3083 953 3145 gnata
969 3073 1048 3130 talem
1062 3075 1144 3130 uitam
1162 3088 1259 3132 uocare
1279 3075 1371 3131 uitam.
1393 3074 1423 3131 lu
1441 3075 1617 3139 cruciatibus,
1640 3075 1668 3131 in

142 3176 188 3228 ur,
209 3175 357 3231 causasque
376 3159 538 3230 delendunt,
559 3161 640 3218 vitam
654 3172 822 3235 naorteruque
876 3165 1027 3234 tormentis,
1041 3165 1068 3221 in
1082 3165 1188 3238 ignibus
1200 3166 1370 3238 sempiternis
1381 3167 1468 3223 noluit
1480 3165 1615 3240 appellare
1626 3167 1668 3223 vl-

145 3267 171 3306 m
184 3252 273 3323 linpua
287 3253 469 3308 moderantur.
485 3254 518 3308 Et
537 3254 587 3308 lroc
604 3253 673 3309 alius
686 3263 781 3326 negat,
795 3263 823 3310 et
876 3263 930 3310 mm
946 3272 953 3312 ι
968 3263 998 3311 ut
1010 3255 1097 3327 ipsum
1110 3270 1210 3313 nomeu
1221 3255 1283 3313 uitae
1293 3257 1380 3314 laudis
1391 3257 1444 3328 alt,
1456 3273 1510 3315 uon
1526 3258 1668 3324 moeruris;

142 3342 216 3411 lenti,
231 3343 279 3398 sed
293 3344 338 3415 qni
349 3342 479 3413 iudicant,
493 3342 537 3415 qui
550 3353 708 3414 potestatem
723 3345 823 3403 halent
875 3356 904 3401 ut
915 3344 1074 3416 ubicumque
1083 3346 1161 3403 andis
1170 3348 1263 3415 vitam,
1275 3358 1406 3405 tormenta
1416 3363 1470 3404 non
1480 3349 1591 3420 cogites.
1601 3348 1670 3408 llam

142 3433 156 3489 ll
178 3443 205 3490 ct
225 3434 403 3490 discernendi.
418 3435 502 3505 Negat
522 3435 574 3491 hoo
592 3435 677 3503 alius,
693 3446 720 3492 et
739 3437 821 3494 dicit:
875 3435 902 3490 in
913 3436 1122 3492 tormentisesse
1132 3451 1254 3508 semper,
1267 3446 1367 3494 tetema
1384 3453 1458 3494 mors
1473 3447 1531 3507 est,
1548 3455 1602 3496 non
1617 3439 1669 3496 all-

142 3525 170 3595 jul
185 3525 327 3597 navigant,
343 3525 440 3581 multas
459 3526 582 3597 regiones
601 3526 724 3592 discunt,
740 3529 823 3584 multa
874 3543 926 3598 qua
939 3527 1003 3584 uita.
1020 3527 1106 3598 ipsam
1121 3538 1218 3585 uocant
1230 3531 1376 3601 Scripturtc
1390 3541 1504 3588 mortem
1523 3531 1669 3589 secundant

142 3628 158 3674 rt
172 3618 254 3674 lucra.
270 3615 382 3684 Videtis,
398 3617 557 3685 charissimi,
571 3617 682 3675 inomni
695 3620 823 3676 istanrul·
876 3619 966 3691 (dpoe.
978 3635 1008 3687 ιι,
1022 3621 1064 3686 ll,
1079 3630 1103 3675 et
1116 3636 1164 3686 xx,
1176 3621 1203 3682 6.
1217 3619 1279 3692 il),
1295 3631 1353 3692 post
1367 3621 1436 3677 hauc
1450 3622 1574 3693 primam,
1588 3637 1668 3693 quanm

142 3725 280 3783 egenorum
290 3710 396 3768 nireudi
408 3725 462 3767 nou
474 3709 580 3781 placere
589 3711 821 3769 unumomniltus:
874 3724 969 3766 omnes
979 3710 1102 3765 humanm
1112 3711 1256 3767 conditioni
1267 3711 1404 3768 deltenrus.
1415 3711 1451 3767 Et
1459 3711 1668 3781 morssecundn,

142 3819 161 3858 n
173 3803 252 3860 beata
266 3802 319 3859 uita
334 3803 421 3874 piacet
433 3801 566 3858 omnibus.
580 3801 648 3871 Quid
662 3811 704 3860 est
717 3801 778 3867 laoc,
795 3813 823 3859 ut
873 3808 902 3856 et
912 3814 986 3857 mors
997 3810 1123 3868 vocatur,
1140 3809 1168 3858 et
1179 3816 1259 3857 nemo
1275 3802 1312 3858 ilri
1327 3803 1450 3859 moritur.
1464 3802 1553 3860 Satius
1569 3812 1597 3861 et
1609 3818 1668 3860 oro·

142 3895 230 3952 unibus
243 3908 296 3951 non
310 3894 412 3965 placeat
429 3908 603 3966 quaecumque
614 3892 683 3961 rita,
699 3893 822 3950 omnibus
875 3890 927 3948 lius
936 3892 1060 3961 dixerim,
1076 3908 1155 3951 nemo
1168 3893 1203 3950 ibi
1213 3893 1286 3950 vluit.
1301 3894 1330 3950 ln
1340 3893 1475 3951 doloribus
1484 3894 1555 3951 enim
1565 3895 1668 3964 virere,

151 3987 228 4044 beata
242 3986 316 4043 vital
875 4000 928 4041 non
946 3992 988 4040 est
1005 3984 1103 4041 virere.
1120 3985 1154 4041 Et
1168 3984 1239 4042 unde
1253 3985 1397 4057 probamus
1415 3986 1454 4043 sic
1468 3986 1581 4042 locutam
1593 3986 1668 4043 scd-

142 4078 179 4137 ll'l
196 4079 239 4135 Ι1.
254 4108 291 4121 -
308 4079 335 4134 1.
350 4077 430 4133 Beato
443 4078 494 4133 nitu
506 4077 823 4151 mediummedium
874 4075 1000 4149 plurumi
1013 4076 1082 4132 Ecce
1102 4075 1189 4144 ondc;
1203 4091 1236 4133 ex
1251 4076 1302 4133 lnoo
1314 4077 1480 4143 testimonio,
1497 4077 1568 4148 quod
1587 4075 1669 4134 modo

147 4181 172 4227 et
189 4172 245 4227 roni
261 4187 323 4226 esse.
344 4171 417 4242 Ergo
429 4169 604 4235 definiamus,
625 4169 648 4224 si
669 4183 821 4239 passumus,
874 4168 1102 4224 commemoraui:
1122 4167 1233 4223 Audient
1251 4168 1318 4223 enim
1338 4184 1422 4224 uocem
1441 4169 1511 4238 qut,
1527 4169 1629 4241 iuquit,
1644 4180 1669 4224 rt

148 4262 245 4328 uitam,
261 4261 295 4318 de
307 4276 358 4333 qua
370 4275 466 4317 omnes
477 4259 670 4330 respondeant,
683 4258 740 4317 llnc
752 4258 821 4314 volo.
875 4259 1010 4329 procedent
1021 4259 1065 4331 qui
1077 4257 1138 4314 dene
1150 4267 1263 4331 eperunt,
1276 4259 1304 4314 itt
1313 4260 1519 4316 resurrectionmt
1531 4263 1598 4316 uitet.
1608 4259 1671 4318 tlon

142 4370 176 4427 po
188 4367 266 4410 nemo
278 4362 337 4418 est,
353 4353 399 4424 qui
417 4352 595 4424 interrogatus
610 4361 698 4408 utrum
716 4351 822 4407 benum
875 4349 951 4415 diuit,
967 4350 1055 4404 Beate
1067 4350 1146 4416 ritoe;
1163 4348 1227 4413 sed,
1240 4350 1267 4405 in
1280 4352 1487 4408 resurrectionem
1499 4352 1566 4407 uite.

142 4445 196 4514 elit,
207 4444 289 4511 dicat,
304 4443 381 4508 llolo,
394 4443 537 4515 quaerimus
549 4452 639 4498 autem
650 4457 709 4514 quae
721 4442 755 4498 sit
766 4441 822 4514 ipsa
909 4438 1024 4498 crunt
1036 4439 1081 4497 11.
1093 4471 1130 4482 -
1142 4440 1234 4497 Solum
1247 4441 1308 4497 vitae
1320 4456 1417 4497 nomen
1433 4441 1514 4498 trahit
1525 4441 1669 4499 beatitudi-

142 4544 194 4604 rta3
209 4536 261 4593 talo
273 4534 372 4605 aliquid
386 4534 498 4591 definire
512 4532 658 4601 debemus,
672 4532 715 4589 cui
727 4547 823 4590 sensura
875 4547 948 4588 nem.
968 4529 1024 4587 Nisi
1041 4530 1113 4587 enim
1131 4539 1339 4604 consequentem
1353 4530 1464 4588 haberet
1477 4531 1667 4589 beatitudinem

142 4627 300 4691 manentiam,
323 4635 349 4682 et
371 4625 442 4697 qued
457 4624 545 4680 nullus
559 4623 647 4690 dieat,
662 4623 739 4680 Nolo.
754 4623 823 4695 Quid
875 4636 972 4678 nomen
987 4620 1128 4708 vittenon
1140 4619 1273 4676 diceretur
1285 4620 1357 4687 lieo,
1372 4619 1500 4688 Quoniam
1510 4622 1581 4692 opud
1594 4630 1619 4677 te
1630 4631 1669 4677 est

142 4728 224 4775 mtres
243 4718 312 4780 mei,
327 4717 446 4787 quidest
464 4715 540 4770 beuta
553 4714 624 4783 vitu,
637 4730 717 4786 quam
730 4715 824 4771 nolunt
874 4712 933 4783 [ons
950 4712 1009 4768 uite
1026 4709 1114 4782 (Psoi.
1127 4727 1216 4779 xxxv,
1232 4710 1289 4785 ld).
1303 4711 1362 4768 lion
1375 4712 1446 4768 enirn
1465 4723 1492 4769 et
1510 4713 1546 4769 ilti
1566 4714 1668 4770 dictum

150 4820 178 4867 et
188 4824 242 4865 non
255 4808 355 4867 nubem
365 4805 478 4864 ornnes?
490 4806 645 4876 Quaeramus
654 4820 728 4878 ergo.
739 4805 768 4862 Si
780 4805 823 4863 eui
875 4814 932 4872 est,
946 4805 1077 4875 Quoniam
1091 4804 1161 4876 apud
1181 4815 1208 4860 te
1227 4813 1269 4861 est
1285 4804 1345 4861 drus
1361 4805 1448 4862 neate
1461 4804 1532 4862 uite.
1546 4805 1604 4862 Non
1617 4805 1668 4862 sd·

145 4946 153 4972 ,
169 4900 217 4958 Vis
234 4901 343 4957 tinere?
358 4897 484 4971 numquid
498 4898 538 4954 sic
551 4897 639 4965 audit,
654 4896 788 4970 quomodo
799 4899 822 4954 si
875 4895 957 4963 didit,
971 4897 1072 4964 beatae,
1085 4895 1270 4952 tantummodo
1281 4895 1357 4961 dixit,
1370 4895 1438 4961 eitoe,
1452 4904 1483 4952 ut
1494 4905 1521 4950 tu
1535 4896 1668 4969 intelligas
1744 4898 1747 4903 ’

142 5008 183 5059 tr,
196 4990 243 5047 ilis
256 4991 391 5047 militaret
408 4990 437 5046 ln
451 4989 494 5047 illa
512 4990 583 5046 enim
604 4988 821 5063 interrogatione,
874 4990 969 5046 marn.
983 4987 1090 5059 Quarei
1103 4987 1170 5058 Quia
1183 4987 1205 5043 si
1217 4987 1334 5055 miserae,
1346 4987 1402 5059 jam
1416 4987 1550 5045 nectite.

142 5090 184 5147 st,
199 5082 246 5139 l'is
260 5081 394 5139 militarel
407 5081 488 5152 aliqui
501 5080 566 5137 milti
585 5080 721 5148 dicerent,
736 5080 821 5138 Volo:
911 5080 937 5138 d.
951 5079 1026 5136 ldent
1038 5080 1178 5136 ostenditur
1188 5094 1221 5136 te
1232 5079 1284 5134 ulio
1294 5077 1436 5149 Scriptum
1445 5076 1510 5134 loeo.
1523 5076 1583 5133 Vite
1594 5078 1668 5136 deute

142 5218 143 5224 ι
160 5175 267 5246 plures,
283 5173 362 5230 Nolo.
377 5173 405 5229 Si
423 5181 512 5228 autem
530 5172 634 5242 dicam,
648 5170 696 5229 Vis
714 5172 824 5230 ritem?
875 5189 927 5229 non
940 5181 994 5239 est,
1008 5170 1058 5228 nial
1068 5180 1163 5227 oeterna
1175 5169 1218 5226 tit.
1232 5169 1303 5226 Ecce
1314 5168 1385 5226 aliud
1403 5169 1595 5224 testimouium.
1608 5169 1667 5240 lam

142 5281 199 5326 amo
212 5276 255 5326 est
271 5268 316 5343 qui
329 5268 414 5332 dicat,
429 5265 506 5322 Nolo.
521 5264 620 5323 Omnes
637 5269 710 5324 enirn
729 5273 823 5323 natum
876 5266 930 5323 duo
943 5264 1068 5321 diximus.
1085 5262 1188 5318 Dictum
1202 5270 1244 5318 est
1256 5261 1348 5331 enim,
1362 5260 1412 5328 Qui
1430 5261 1491 5316 lene
1504 5268 1622 5333 eperunt,
1640 5260 1669 5316 in

147 5357 271 5426 insitum,
284 5358 374 5416 rivere
386 5356 472 5426 telle,
487 5357 556 5413 mori
568 5355 649 5413 nolle.
667 5355 733 5414 item
746 5357 770 5413 si
784 5356 824 5413 di·
876 5356 1083 5412 remotionem
1093 5353 1150 5409 tite
1162 5368 1173 5409 .·
1184 5354 1248 5410 item
1260 5352 1360 5410 dictum
1372 5360 1424 5421 est,
1437 5352 1515 5424 Apud
1526 5361 1551 5408 te
1562 5361 1598 5409 est
1611 5354 1670 5425 {ona

142 5497 266 5545 mmm
278 5490 374 5545 mm·
391 5491 472 5552 idm.
490 5489 522 5543 9:
539 5508 551 5538 ι
562 5488 683 5543 mmm
698 5495 824 5555 mmm
876 5449 944 5505 rite.
957 5445 1094 5517 Nusquam
1105 5444 1225 5501 odditum
1243 5452 1300 5512 ost,
1313 5443 1481 5500 bmtaeasod
1494 5443 1551 5499 sola
1569 5442 1668 5499 intelli-

142 5557 258 5606 usttnem
269 5569 276 5604 ε
288 5553 339 5606 sota
353 5555 378 5605 iu
396 5552 568 5618 porumque
584 5550 671 5604 didtur
682 5558 825 5603 umma-
876 5542 947 5616 piton
959 5539 1015 5595 rita
1026 5552 1087 5611 qum
1098 5536 1194 5605 unta:
1207 5552 1268 5610 que
1279 5544 1369 5593 autem
1381 5551 1435 5593 non
1445 5537 1533 5603 beata,
1545 5537 1669 5593 necrita.

145 5615 488 5754 fgeffiffifflfflfflffl
563 5620 827 5789 mmlfflffi
876 5626 1380 5715 Aecipnpflmaxssvupallo
1401 5627 1482 5685 Diues
1501 5627 1547 5684 ille
1560 5627 1606 5699 qui
1619 5641 1669 5682 no·

142 5740 427 5816 numuruuodtutoet
713 5750 720 5763 ·
750 5752 769 5793 ¹.
1322 5716 1697 5795 ,tt-fluctuantium,
