3728 6276
199 248 248 305 'lll

198 364 254 420 auti
285 360 406 432 equalis,
430 351 624 413 commendarit
646 349 723 406 nobis
741 346 870 402 Dominus
897 342 984 408 lesus,

199 455 269 527 quod
288 454 311 508 si
332 450 492 507 audierimus
504 448 633 501 rironttts.

233 542 346 599 cartis
358 538 511 596 itt-to.
538 533 653 591 cinon
673 532 752 598 tudes
770 530 797 583 in
811 532 891 600 {ormo
911 524 984 579 cerui.

198 635 252 691 Sed
263 644 287 688 et
300 639 455 703 potestaten,
476 626 570 696 iuquit,
587 622 655 678 dedit
678 621 701 675 ei
719 630 741 676 et
745 618 872 689 judicium
890 617 983 685 locere,

198 726 317 798 eueniunt
330 722 399 790 filice
410 716 574 774 domitricem.
588 715 658 784 Ergo
668 711 702 767 ad
713 709 839 781 judicium
849 707 893 762 illa
902 705 984 760 torma

197 824 308 872 t'erttura
322 823 373 869 est.
387 811 482 866 Forma
502 806 617 863 bominis
626 812 736 860 uentura
750 797 830 856 estad
839 796 983 868 iudicium:

198 910 258 963 itleo
268 908 316 970 ait,
330 903 484 958 Poiettutem
509 898 579 953 dedit
595 897 654 951 ciet
666 894 792 965 jndicitmt
808 895 901 961 soene,
922 903 984 951 atto-

198 1000 268 1053 m'nm
281 997 351 1066 filins
364 992 472 1048 leminis
481 998 528 1045 est.
538 987 625 1044 ludex
636 985 681 1040 bie
694 983 744 1038 erit
757 980 840 1035 Filius
853 976 982 1040 bominis;

200 1091 282 1144 tonna
290 1075 755 1154 illabicjudieabitquaejudieataest.
763 1066 985 1131 Auditeetintel·

199 1161 986 1251 ligite:jamltocpropltetaditerat,Videbuntinqoentpttpu·

198 1265 385 1342 peruntllcclt.
400 1278 435 1319 ιιι
459 1258 589 1315 10·1ιιιιιι.
598 1273 653 1321 xttt,
662 1254 718 1324 51).
729 1248 930 1323 lpsamlorutam
942 1245 984 1301 vi-

198 1359 308 1422 debunt,
321 1369 400 1427 quam
416 1352 506 1408 laneca
530 1351 728 1419 percusserunt.
754 1339 861 1396 Sedebit
881 1337 982 1408 iudex,

198 1451 243 1521 qui
257 1448 329 1504 stetit
339 1445 389 1500 tub
399 1444 498 1515 judice.
514 1436 656 1494 llattmnltit
668 1447 748 1490 veros
760 1445 831 1497 reos,
844 1429 889 1500 utri
900 1427 984 1482 laenis

200 1550 243 1596 est
254 1539 335 1594 ialsus
349 1552 421 1592 reus.
436 1534 495 1603 lpse
509 1530 607 1596 reniet,
623 1526 707 1582 lorum
722 1524 765 1579 illa
777 1521 874 1578 reniet.
887 1519 943 1575 Hoc
957 1525 984 1573 et

198 1632 225 1685 in
240 1628 385 1699 Evangelio
406 1624 490 1680 habes
504 1639 511 1676 ε
526 1636 587 1676 eum
610 1626 673 1672 aute
688 1614 780 1670 oculos
797 1609 982 1680 discipulorum

198 1736 306 1777 suomm
319 1716 370 1774 iret
379 1717 406 1772 iu
418 1716 527 1779 coelum,
546 1710 651 1767 stabant
664 1708 700 1762 ilii
715 1716 742 1763 et
763 1701 944 1766 attendebant,
957 1706 984 1753 et

198 1810 288 1866 sonuit
301 1822 352 1863 vox
371 1805 500 1876 angelica,
533 1800 587 1855 Viri
606 1796 718 1863 Gallici,
737 1793 797 1866 quid
821 1791 910 1847 cteris?
930 1799 982 1845 ets.

200 1900 250 1955 llic
262 1898 337 1954 leant
358 1898 395 1952 ric
419 1889 642 1962 oeniet,qttontodo
665 1902 722 1943 eum
745 1883 832 1938 uidetis
846 1891 944 1935 euntem
957 1879 984 1933 in

811 227 840 285 S.
860 221 1041 283 nususttttt
1062 225 1212 289 ttrtscort
1769 241 1810 301 Ι111

1042 339 1139 408 testum
1156 344 1224 401 detis
1238 361 1333 419 regens
1351 350 1482 417 houtiner,
1506 352 1589 411 bomo
1603 368 1737 427 apparens
1754 360 1812 421 luter

1039 432 1160 491 ltomines
1175 438 1351 508 :loquebatur
1372 457 1437 513 ergo
1455 447 1525 500 inter
1543 445 1623 513 illos,
1649 456 1680 503 et
1698 448 1811 518 tlioalut,

1039 526 1089 594 Qui
1099 527 1182 599 dilipit
1201 546 1252 596 nte,
1272 535 1392 587 mndata
1403 550 1461 589 rnen
1481 537 1608 602 custodia
1634 548 1660 595 et
1671 539 1718 610 etti
1742 541 1812 614 ditia

1037 631 1087 681 nte,
1108 616 1226 689 dilipetttr
1245 637 1263 673 u
1288 618 1368 677 Putre
1385 639 1450 690 tneo,
1471 635 1496 679 et
1520 640 1566 697 cpe
1585 625 1694 699 ciunt·
1711 631 1813 689 mss

1036 707 1111 776 quur
1126 707 1320 778 uenturus,
1344 710 1378 767 st
1395 711 1496 783 quus
1518 712 1613 770 aanor
1634 715 1812 787 semma,
1858 706 1860 711 ⁴

1037 796 1131 866 inquit,
1159 813 1200 852 me
1221 799 1304 869 ipsum
1327 800 1366 855 illl
1391 799 1481 873 (loun.
1495 820 1550 869 ιιι,
1559 804 1622 878 Ξ1)1
1635 804 1751 876 Quum
1771 810 1815 868 boc

1036 883 1118 947 dixit?
1130 885 1242 954 Quando
1261 887 1458 948 abhominibus
1477 894 1627 952 ridebatur.
1647 896 1815 966 Quandoltot

1035 975 1122 1034 dixit?
1136 979 1250 1049 Quando
1264 991 1291 1038 et
1299 982 1334 1038 ab
1346 985 1385 1041 eis
1400 987 1545 1054 ridebatur,
1555 1004 1573 1045 a
1585 990 1686 1061 quibus
1695 1007 1751 1048 non
1762 993 1815 1051 dib·
1858 990 1860 999 '

1035 1068 1156 1138 gebatur.
1171 1071 1310 1138 Quomodo
1322 1090 1386 1145 ergo
1400 1091 1430 1131 se
1441 1087 1597 1137 ostensurus
1611 1088 1672 1137 erat
1684 1080 1816 1141 diunt

1035 1157 1084 1213 bns
1096 1161 1162 1226 suis,
1174 1162 1224 1219 nisi
1235 1164 1296 1234 quia
1309 1164 1387 1220 talem
1399 1168 1504 1237 qualem
1514 1184 1566 1225 non
1577 1170 1817 1233 videbantdilccto·

1036 1263 1079 1304 res
1089 1251 1129 1306 sui
1140 1253 1152 1305 l
1165 1250 1237 1323 Ergo
1249 1254 1310 1324 quia
1336 1256 1418 1312 lorma
1430 1258 1477 1315 Dei
1487 1262 1655 1330 serrabatur,
1669 1262 1758 1321 locuta
1774 1267 1818 1323 bo·

1034 1340 1115 1397 minis
1124 1344 1312 1402 ostendebatur
1326 1365 1332 1401 :
1345 1363 1393 1418 per
1403 1347 1516 1407 sormam
1536 1352 1655 1411 bominis
1670 1355 1818 1417 bominibu

1035 1431 1157 1504 loqneus,
1179 1438 1339 1506 conspicuus
1355 1451 1383 1496 et
1404 1441 1527 1509 risibilis,
1550 1455 1579 1501 et
1598 1446 1678 1505 bouis
1699 1457 1730 1507 et
1747 1450 1819 1511 mu

1035 1523 1158 1579 omuibus
1167 1527 1326 1608 ostendebat
1335 1545 1375 1596 se,
1392 1531 1563 1592 dilectoribus
1580 1538 1636 1593 suis
1645 1541 1817 1599 maistre

1070 1612 1181 1671 carot
1201 1614 1245 1672 lX.
1260 1619 1352 1675 -13,
1367 1620 1429 1677 Post
1448 1627 1653 1683 resurrectionem
1665 1630 1720 1685 rite
1731 1641 1819 1689 m

1034 1702 1061 1755 in
1070 1703 1166 1760 titione
1176 1703 1237 1762 liei.
1248 1707 1361 1777 Quando
1372 1727 1401 1767 se
1415 1711 1646 1775 demonstraturus
1658 1732 1701 1777 est
1712 1722 1818 1781 dilecto·

1035 1793 1108 1848 ribus
1127 1795 1278 1855 suislPost
1301 1804 1524 1861 resurrectionem
1547 1810 1688 1879 eorporis,
1713 1814 1815 1884 quum

1035 1885 1141 1943 tolletur
1153 1887 1259 1959 impius,
1273 1905 1307 1948 ue
1319 1891 1408 1949 rideat
1418 1895 1565 1953 claritatem
1576 1899 1635 1955 Dei.
1648 1901 1816 1971 innomine,

197 1993 288 2045 cirtem
300 1989 367 2061 (det.
383 2001 403 2054 t,
416 1986 469 2056 ll).
478 1981 547 2052 Quid
556 1987 609 2048 est,
622 1978 658 2034 ric
670 1976 749 2031 toties
761 1974 774 2028 l
787 1973 816 2028 ln
828 1973 885 2043 ipsa
900 1969 984 2025 lorma
1034 1991 1092 2031 curn
1102 1980 1373 2048 uppmuerit,.rirrtilet
1387 1984 1411 2039 ei
1427 1984 1539 2053 eriotttr,⁸
1552 1989 1674 2059 quonism
1684 1992 1817 2053 mi..

198 2083 295 2146 veniet,
311 2078 461 2133 Potestotent
474 2074 541 2130 enim
552 2071 621 2127 dedit
633 2070 656 2125 ri
663 2068 793 2140 judicium
813 2065 906 2135 locere,
919 2077 983 2131 quo·
1034 2084 1091 2123 eum
1113 2070 1185 2125 sicud
1206 2082 1243 2128 ett
1256 2073 1279 2143 (1
1304 2073 1382 2130 loun.
1404 2093 1433 2133 m
1444 2120 1452 2143 ,
1465 2077 1504 2152 2).
1516 2079 1575 2145 ipen
1587 2090 1630 2138 ese
1643 2084 1699 2141 viu
1712 2068 1816 2144 „m

198 2172 267 2226 nium
280 2170 349 2239 lilim
363 2166 469 2222 ltominic
479 2172 524 2220 est.
541 2161 632 2217 lidete
645 2167 734 2215 autem
747 2170 799 2227 qua
811 2154 914 2209 ratione
933 2151 984 2207 boe
1034 2159 1101 2215 Nam
1116 2170 1199 2217 totum
1221 2165 1348 2236 quidquid
1370 2167 1541 2238 dicosanus,
1556 2173 1622 2229 nibil
1637 2185 1681 2233 est
1701 2176 1737 2233 ad
1750 2180 1817 2237 ιιι..

198 2261 346 2333 oportebat,
360 2266 388 2314 et
401 2258 453 2313 boe
464 2263 566 2312 rectum
576 2259 644 2319 orat,
657 2258 687 2305 ut
705 2245 842 2320 judicandi
863 2244 984 2299 riderent
1034 2251 1124 2305 vitam.
1138 2252 1203 2321 Quia
1214 2254 1335 2322 vivimus,
1346 2257 1477 2328 quidest?
1489 2261 1554 2331 Quis
1566 2264 1632 2320 satri
1642 2270 1817 2341 summust

196 2352 325 2425 judicem.
338 2346 476 2405 iudicandi
488 2345 559 2402 enim
571 2351 649 2400 erant
663 2348 691 2396 et
704 2338 766 2396 boui
782 2344 810 2392 et
825 2331 985 2390 mali.·Beuti
1034 2342 1096 2395 est?
1108 2341 1175 2411 Quin
1187 2343 1335 2402 videbimus
1358 2347 1443 2405 neum
1457 2367 1465 2404 ς
1480 2367 1603 2424 magnum
1614 2355 1636 2408 ι,
1650 2353 1711 2427 ¹⁹⁵³
1719 2359 1817 2417 em

197 2453 286 2501 autern
306 2442 400 2497 mttndo
426 2439 511 2504 corde,
533 2436 653 2507 quomens
674 2432 724 2503 ipsi
762 2429 843 2485 licum
868 2426 985 2482 videbunt
1035 2441 1134 2489 (erema
1150 2454 1156 2490 :
1171 2435 1377 2506 jpoehwdjxip,
1390 2440 1454 2496 Hm
1468 2452 1505 2499 m
1517 2447 1662 2503 mmm
1671 2458 1783 2519 m.
1792 2458 1817 2507 n
1858 2448 1860 2457 .

199 2535 305 2607 (llettlt.
321 2548 349 2600 tt,
364 2530 403 2604 8).
425 2529 552 2587 Restabat
562 2537 592 2583 ttt
612 2523 746 2597 injudicio
766 2522 851 2577 lorma
863 2519 933 2574 servi
957 2526 985 2573 et
1034 2535 1184 2595 ceqnoscont
1198 2534 1308 2582 leonum
1321 2545 1406 2585 oerum
1416 2530 1506 2599 Deum,
1520 2544 1624 2605 etquem
1633 2538 1818 2597 mamm

199 2625 275 2680 lionis
289 2633 317 2679 et
337 2623 414 2679 molis
434 2619 629 2685 ostenderetur,
653 2614 738 2670 loruta
758 2611 806 2668 liei
828 2609 893 2665 solis
909 2607 985 2663 bouis
1036 2615 1162 2671 dirirtnnt
1174 2615 1263 2691 (loon.
1275 2635 1341 2689 xvtt,
1355 2621 1394 2693 s).
1405 2622 1468 2680 liceo
1480 2632 1522 2681 est
1541 2625 1595 2682 vite
1608 2635 1724 2693 aeterna,
1738 2641 1817 2688 ntes·

198 2722 359 2769 servaretur.
1035 2716 1171 2776 gnoseant,
1186 2707 1302 2776 videant,
1323 2713 1442 2784 capiant,
1455 2715 1544 2772 norint
1557 2717 1627 2786 quud
1640 2719 1816 2789 mmm.
1855 2740 1860 2753 .

235 2806 277 2860 ll.
288 2802 370 2857 ileum
388 2800 480 2868 ridere,
496 2813 593 2854 sontum
605 2795 721 2870 felicitat.
736 2791 804 2860 Quid
820 2790 890 2847 enim
905 2803 984 2844 acse-
1036 2799 1181 2871 percipiant
1194 2802 1265 2872 quod
1278 2802 1396 2881 nondum
1410 2820 1506 2876 capere
1518 2816 1649 2878 mmm·
1661 2813 1722 2869 hm
1734 2813 1817 2871 M
1858 2818 1860 2825 .

199 2897 266 2968 pturi
292 2904 354 2949 sunt
377 2891 455 2947 bouil
469 2891 539 2947 Eoos
564 2889 619 2960 jam
640 2886 710 2952 dico,
726 2882 796 2954 quod
821 2882 900 2952 paolo
922 2888 984 2935 aute
1035 2903 1111 2944 mens
1129 2889 1201 2962 quod
1225 2893 1318 2950 oculus
1334 2909 1388 2950 non
1408 2895 1525 2963 viderat,
1539 2903 1674 2959 neeauris
1690 2906 1815 2973 auom
1858 2916 1860 2921 .

200 3001 254 3042 uon
268 2985 321 3041 dixi
332 3000 341 3051 ;
352 2993 379 3039 et
390 2993 479 3038 tamen
492 2979 605 3036 dicendo
616 2976 744 3032 nundino.
761 2973 820 3029 Diri
835 2973 905 3028 enim
923 2972 985 3042 qnia
1035 2979 1127 3034 necin
1145 2995 1192 3035 eor
1215 2978 1329 3039 hominis
1352 2984 1507 3043 ascenderat
1521 3007 1528 3046 :
1540 2988 1591 3045 hoe
1607 2991 1662 3050 iilis
1672 2993 1776 3053 diem
1792 2995 1829 3053 p,

197 3080 299 3136 erimus
311 3076 366 3133 illie
377 3076 452 3141 satri,
462 3074 562 3130 erimus
569 3072 726 3135 incolumes,
739 3067 840 3123 erimus
852 3065 983 3130 uiuentes,
1035 3068 1109 3137 dne,
1129 3069 1231 3139 Venite,
1245 3072 1366 3129 denedicti
1388 3074 1476 3133 Petris
1500 3080 1565 3145 otei,
1578 3083 1700 3154 percipit,
1719 3100 1817 3159 m

198 3171 298 3227 erimus
311 3169 369 3225 siue
388 3166 483 3237 poeuis,
502 3164 602 3220 erimus
616 3161 673 3218 siue
686 3158 755 3215 lame
772 3166 800 3215 et
813 3156 867 3223 siti,
886 3156 984 3211 erimus
1035 3162 1103 3226 ruod
1113 3161 1180 3217 nome
1191 3173 1310 3233 peretum
1321 3174 1358 3220 ert
1368 3166 1400 3221 ub
1419 3168 1491 3222 initio
1504 3172 1601 3227 mundi.
1616 3172 1696 3230 liunt
1707 3174 1815 3247 erpotis

199 3264 258 3318 sine
270 3259 385 3328 delectu,
398 3257 497 3315 eriutus
509 3255 568 3311 siue
587 3252 702 3310 orbitate
723 3250 860 3307 oculorum
879 3259 985 3305 nostro·
1035 3251 1097 3306 mali
1109 3252 1135 3306 in
1147 3252 1325 3309 ostentionem
1336 3263 1465 3312 etonem.
1478 3258 1548 3314 loeti
1560 3271 1646 3318 nutent
1658 3266 1732 3337 quot
1743 3264 1816 3323 ieri·

200 3349 377 3405 rumTotum
394 3346 512 3404 bocdixi
527 3352 573 3401 :et
591 3341 655 3415 quid
675 3341 830 3398 babebimus
846 3339 915 3411 plus,
932 3357 984 3394 trun
1036 3352 1088 3396 turn
1109 3353 1229 3399 etenum
1256 3344 1362 3417 (lluttlt.
1387 3363 1454 3417 ut,
1481 3351 1597 3424 51,46),
1623 3353 1694 3424 Quin
1714 3365 1757 3415 31
1767 3358 1816 3415 pp,

198 3440 263 3497 diti.
1036 3431 1154 3488 aeterua?
1167 3431 1230 3488 lloec
1251 3444 1286 3490 ctt
1307 3436 1357 3490 nito
1376 3447 1488 3505 emron,
1502 3450 1530 3509 ut
1539 3454 1692 3515 copnnseant
1705 3454 1731 3503 u
1740 3448 1815 3503 „tu

233 3528 345 3587 corut
361 3527 426 3584 tiit.
440 3557 476 3568 -
485 3524 639 3583 Videbimus
651 3524 745 3579 brun.
757 3521 813 3579 lloc
824 3530 912 3576 antem
925 3531 985 3574 tan·
1035 3538 1120 3576 enum
1133 3520 1223 3589 Deurn,
1237 3533 1261 3578 et
1274 3540 1346 3593 prtem
1358 3527 1449 3583 misisti
1458 3528 1548 3585 lesum
1558 3532 1697 3591 Citrietttrn.

201 3622 329 3688 tument,
343 3618 596 3686 ettantareserit,
616 3624 646 3672 ut
667 3620 696 3673 in
717 3614 775 3686 ejus
788 3613 986 3685 enmpnmtiunn
1071 3612 1184 3670 CAPUT
1202 3613 1236 3669 X.
1251 3645 1288 3656 -
1302 3617 1346 3671 ll.
1368 3617 1528 3676 Resurrectio
1547 3624 1632 3680 cernit
1651 3626 1750 3696 [meru.
1769 3627 1814 3685 Lu-

202 3713 267 3768 nibil
281 3713 316 3769 sit
330 3721 424 3767 toturn.
435 3710 494 3765 liiti
504 3707 575 3781 quod
590 3708 708 3763 virentes
715 3706 825 3771 erimus,
839 3702 910 3775 quod
920 3703 985 3757 salui
1036 3718 1123 3773 quens
1134 3718 1198 3773 ergo
1212 3704 1343 3762 delutum
1364 3712 1558 3769 resurrectione
1579 3718 1701 3787 corporis
1711 3758 1720 3785 ,
1732 3727 1760 3775 et
1768 3733 1815 3775 m

200 3816 229 3862 ot
242 3805 399 3872 incolomes,
412 3802 484 3874 quod
507 3800 604 3856 lamem
622 3799 745 3870 sitimque
766 3812 819 3853 uon
844 3795 985 3867 patiemur,
1037 3791 1245 3859 uosdimittens,
1260 3796 1317 3851 ait:
1331 3795 1813 3879 Petertutentdediteietjudiesmp..
1853 3856 1860 3863 ,

200 3890 711 3969 quodinlassitudinemnoneademus,
725 3889 794 3961 quod
810 3903 920 3944 somnus
933 3902 985 3941 uon
1037 3898 1102 3947 cere,
1130 3885 1249 3954 quonimn
1267 3886 1336 3956 filius
1359 3887 1467 3944 lrominir
1489 3900 1535 3945 ert.
1557 3891 1646 3950 Nolite
1666 3898 1815 3967 ntiruribrc,

200 4002 251 4043 uos
262 3995 373 4056 premet.
390 3983 486 4039 Totum
500 3981 551 4037 ltoe
562 3980 625 4051 quid
638 3980 722 4036 estad
735 3980 805 4034 illam
823 3978 985 4043 felicitatem,
1036 3973 1095 4041 polu
1108 3975 1185 4029 reniet
1197 3976 1267 4031 born.
1280 3975 1316 4031 lbi
1332 3992 1383 4032 non
1396 3979 1505 4048 addidit,
1519 3991 1543 4037 et
1553 4000 1619 4039 ttttttc
1629 3996 1667 4042 eet
1679 4004 1691 4045 .·
1702 3989 1763 4060 quia
1772 3999 1817 4045 m

200 4091 252 4146 qua
266 4075 348 4129 Deum
370 4070 538 4126 videbimus?
552 4070 619 4135 Quin
636 4084 700 4139 ergo
720 4068 789 4121 linus
801 4068 857 4136 ipse
880 4075 909 4121 ut
933 4075 985 4131 est,

201 4162 281 4219 modo
290 4161 392 4218 ostendi
414 4175 467 4215 uon
485 4166 580 4230 potest,
611 4172 690 4229 quem
713 4165 801 4212 nmen
821 4154 984 4219 uidebimns;

201 4255 262 4310 ideo
275 4253 343 4323 onoc
357 4253 444 4306 ocrtltn
464 4267 514 4305 tton
528 4249 598 4315 vicit,
616 4264 661 4303 trec
674 4248 743 4301 curis
757 4247 861 4312 audivit,
885 4248 936 4302 boc
947 4247 987 4301 ti·

200 4346 302 4401 debunt
316 4343 387 4408 boui,
404 4340 647 4411 ltocridebuntpii,
665 4338 715 4396 ltoo
736 4338 863 4395 ridebunt
882 4338 987 4395 miseri-

201 4436 306 4503 cordes,
319 4436 370 4490 lton
379 4433 504 4489 ridebunt
516 4431 619 4500 ltdeles,
634 4432 684 4487 hoe
695 4431 822 4487 ridebunt
833 4430 878 4502 qui
900 4430 986 4485 habe·

202 4525 377 4581 burttltonom
396 4530 496 4579 sortem
518 4522 545 4577 in
557 4522 751 4577 resurrectione
773 4521 903 4592 eorporis,
925 4521 988 4593 quia

203 4618 353 4673 imbuerunt
390 4615 485 4670 bonam
519 4612 695 4669 obedientiam
732 4612 759 4667 itt
793 4613 989 4668 resurreetione

202 4708 302 4763 surdis.

238 4799 282 4856 11.
297 4799 391 4854 roua
405 4797 468 4854 acroi
479 4796 510 4851 nb
521 4797 633 4852 ominbus
655 4795 786 4861 uidebitur,
808 4799 892 4864 fornto
915 4793 988 4849 llet'e

202 4890 263 4945 solit
273 4889 331 4960 piis.
355 4887 425 4959 Ergo
436 4896 465 4943 et
485 4886 570 4943 malus
595 4887 678 4942 Deum
692 4886 797 4940 risurus
810 4886 870 4939 est?
890 4883 924 4939 dt·
936 4899 989 4955 quo

201 4981 267 5037 dicit
282 4980 372 5045 isaias,
385 4978 502 5034 Tollntrtr
513 4979 617 5049 impios,
629 4993 660 5031 ne
678 4976 760 5030 oideut
777 4976 917 5030 cleritatem
942 4974 989 5030 bet

203 5069 362 5137 (leuium,
371 5069 415 5136 lll,
424 5067 572 5140 ccclxx).
582 5067 653 5138 Ergo
661 5076 690 5122 et
702 5066 773 5136 impii
783 5073 812 5121 et
822 5064 990 5136 piividebunt

204 5161 317 5217 loruram
327 5159 398 5215 illam
414 5177 421 5212 ε
436 5166 531 5215 etcum
542 5157 621 5214 luerit
631 5157 701 5213 dicta
715 5157 856 5224 sententia,
873 5156 989 5211 Tollutur

204 5252 306 5322 impius,
321 5267 353 5306 ne
366 5250 448 5304 rident
457 5248 596 5305 cluritotent
608 5248 671 5314 llei,·
683 5257 766 5304 restat
785 5259 814 5304 ut
834 5249 905 5305 circs
931 5248 990 5319 pios

204 5351 231 5397 et
246 5341 332 5395 onom
341 5339 484 5411 impleatur
490 5338 560 5410 quud
576 5339 702 5394 Dominus
714 5340 770 5409 ipse
782 5339 914 5410 promisit,
928 5354 989 5395 cum

207 5430 250 5485 bio
265 5431 292 5485 in
306 5438 480 5498 earneesset,
499 5437 527 5484 et
541 5429 674 5485 rideretur
688 5445 740 5484 non
757 5429 842 5485 solum
868 5443 884 5483 a
901 5429 987 5497 bonis,

206 5519 254 5576 sed
268 5525 347 5575 ettam
362 5535 377 5576 a
392 5522 477 5577 malis.
493 5519 663 5592 boqnebatur
675 5519 743 5576 inter
756 5519 841 5576 bonos
853 5529 880 5576 et
894 5520 988 5589 malos,

206 5621 234 5669 et
247 5611 406 5685 conspicuus
429 5612 561 5682 omnibus,
577 5611 646 5671 lions
660 5612 790 5683 occuitus,
802 5610 882 5668 bomo
904 5612 988 5666 marri-

1038 4063 1103 4116 ltora
1120 4073 1211 4132 postea
1230 4066 1292 4131 erit,
1309 4067 1368 4136 qttia
1392 4069 1441 4123 ista
1455 4069 1519 4126 liora
1540 4073 1567 4127 iu
1582 4073 1634 4131 tue
1654 4079 1746 4135 smeuli
1762 4079 1817 4145 erit.

1039 4155 1099 4225 quia
1114 4156 1163 4211 ista
1175 4156 1238 4210 irora
1254 4158 1396 4215 novissima
1412 4162 1480 4228 erit,
1494 4163 1520 4218 iu
1533 4164 1677 4222 norissima
1691 4170 1752 4227 tuba
1763 4171 1819 4229 erit·

1040 4245 1127 4302 Nolite
1138 4248 1234 4315 nummi,
1248 4248 1309 4318 quia
1323 4249 1373 4304 ltoe
1386 4250 1451 4317 dixi,
1464 4250 1539 4307 benit
1553 4255 1575 4309 ei
1587 4267 1736 4326 potedutent
1746 4272 1771 4316 et
1777 4264 1823 4335 1⁸·

1039 4338 1132 4392 dicimo
1144 4341 1235 4409 forme,
1249 4341 1366 4410 qnoniam
1387 4343 1455 4411 filius
1477 4343 1586 4400 bominis
1606 4357 1653 4404 est.
1670 4348 1761 4408 Nolite
1771 4352 1818 4407 flt'·

1039 4429 1101 4482 rori.
1114 4427 1256 4494 ldeodixi,
1271 4431 1331 4503 quia
1352 4431 1485 4488 bominem
1502 4434 1535 4489 ab
1548 4436 1704 4498 bominibus
1724 4452 1824 4515 opurut

1038 4518 1161 4588 judicari.
1174 4521 1278 4587 Quibus
1290 4521 1440 4579 bominibus
1459 4526 1629 4595 jmlirandis?
1640 4530 1717 4599 Quos
1729 4534 1824 4592 luteoit

1040 4610 1199 4666 vivosiNou
1212 4612 1309 4666 solnm.
1329 4614 1381 4668 Sed
1401 4617 1483 4685 ‹ptidl
1498 4616 1582 4673 Veniet
1600 4621 1675 4688 ltorc,
1689 4625 1825 4694 quemn

999 4745 1002 4751 .
1040 4703 1150 4771 quisunt
1173 4702 1199 4754 in
1229 4705 1405 4757 monumentis.
1432 4703 1572 4772 Quomodo
1592 4714 1729 4780 expressit
1749 4728 1826 4771 tants

1040 4792 1177 4847 mortuos?
1190 4792 1233 4863 poi
1245 4804 1303 4847 runt
1317 4795 1342 4847 in
1355 4796 1535 4860 ntnrnrmentit,
1547 4812 1669 4868 qtrorum-
1672 4801 1766 4871 iacent
1782 4818 1825 4861 te·

1041 4883 1112 4952 pulta
1126 4881 1272 4948 cadavera,
1287 4898 1398 4954 quorum
1417 4883 1513 4942 larillur
1534 4896 1610 4944 tecte
1631 4903 1705 4961 snut,
1717 4910 1827 4967 qttorttttt

1040 4988 1101 5045 ossa
1114 4972 1232 5045 dispersa
1245 4986 1325 5043 sunt,
1339 4992 1452 5046 quinum
1466 4994 1528 5035 earo
1537 4981 1592 5052 jam
1607 4999 1660 5039 nott
1674 4996 1738 5055 est,
1751 4998 1779 5045 et
1788 4998 1828 5047 ta·

1041 5077 1101 5117 meu
1116 5062 1170 5144 ileo
1185 5064 1285 5137 integra
1305 5075 1354 5121 est.
1375 5066 1461 5124 Veniet
1475 5069 1554 5139 bore,
1569 5074 1672 5144 quando
1692 5080 1828 5153 ommni

1075 5256 1223 5308 ¹ttounuttas
1233 5272 1279 5311 uec
1289 5260 1370 5311 tenuis
1380 5264 1496 5315 monemt
1514 5264 1689 5331 dmemndns
1704 5273 1832 5327 millu

1041 5317 1110 5368 alid.
1121 5324 1158 5367 Er.
1169 5325 1202 5391 Lu
1219 5320 1243 5369 d.
1256 5328 1315 5370 ven.
1327 5323 1363 5371 sie
1374 5321 1456 5386 legum
1467 5334 1543 5377 :mern
1553 5333 1627 5380 tottutt
1636 5330 1831 5399 qeidtpddtlloe·

1044 5334 1311 5451 wodnesdei·
1325 5381 1476 5453 dlutndtnrn
1494 5400 1542 5452 orto
1559 5401 1659 5442 cnm
1675 5394 1779 5457 men
1792 5396 1833 5463 ml

1042 5439 1101 5490 suin
1111 5453 1208 5512 contu,
1220 5454 1278 5514 poto
1288 5444 1419 5497 tndebmms
1433 5455 1507 5517 peum
1518 5463 1541 5500 m
1573 5464 1638 5503 mort.
1650 5462 1680 5506 st
1689 5464 1764 5511 tou:
1775 5468 1835 5513 tiu

1041 5506 1116 5551 totum
1125 5502 1242 5573 untdmttrl
1251 5501 1401 5575 dtccbttmus,
1414 5505 1476 5560 mint
1485 5516 1547 5560 estu
1574 5511 1643 5564 tllent
1655 5514 1733 5587 titum
1742 5518 1835 5585 putt-

1042 5565 1300 5682 mmmm&
1308 5563 1368 5618 relti
1386 5581 1477 5622 runos.
1491 5570 1553 5633 (mitt
1569 5582 1613 5638 est,
1632 5578 1691 5641 orric
1702 5579 1835 5637 noem
