3728 6276
175 235 229 295 {05
782 226 812 283 S.
832 216 1014 283 auuusttttt
1035 216 1188 277 utacum

175 367 249 408 certo
260 365 287 406 ει
298 364 447 422 opportuno
459 358 577 419 tempore
587 345 619 400 ad
631 343 746 416 speciem
758 340 876 398 ιειίιειίε
888 337 959 409 ejus·
1014 348 1072 388 rum
1087 332 1171 388 Deum
1184 332 1343 401 videntium,
1364 348 1411 406 per
1428 348 1495 406 quos
1510 333 1615 390 audiret
1629 347 1657 389 rt

176 443 238 499 dom
253 459 344 499 uentre
357 442 473 513 possitis.
489 439 562 496 Sicut
575 438 647 494 etnim
662 435 805 508 Apostolus
821 432 901 497 dicit,
919 431 960 484 bic
1015 439 1094 496 quem
1105 426 1196 482 ridere
1209 427 1267 498 ipse
1279 442 1333 482 nou
1345 437 1445 510 posset.

176 543 303 591 manentes
320 549 440 604 corpore,
458 530 647 603 perprinomur
658 545 675 582 o
688 527 814 593 flumine,
828 541 872 598 per
883 523 960 594 fidem
1048 513 1161 573 ctPtt't
1180 515 1246 572 Vill-
1256 516 1327 573 -8.
1344 515 1657 589 uaatcbaieaipumt

176 638 243 676 enim
255 621 427 686 ambulamus,
441 637 492 674 non
505 635 550 690 per
563 618 669 689 speciem
686 615 727 687 (ΙΙ
741 613 801 671 Gor.
815 629 850 679 ι,
864 613 899 679 6,
914 609 960 685 7).
1013 608 1126 678 refutati.
1151 608 1185 664 ttt
1202 609 1415 667 machinamenta
1443 606 1549 679 quidem
1575 605 1657 662 itania

177 712 216 769 tu
234 713 350 783 speeiem
369 721 458 767 autem
477 709 587 764 visionis
605 707 709 772 Patris,
732 704 797 760 ddes
817 703 960 759 christiana
1013 707 1139 770 quantum
1153 699 1188 755 ad
1199 699 1268 755 banc
1279 699 1452 770 quaesuouem
1466 698 1597 769 pertinet,
1610 699 1657 754 mu

175 804 305 877 perducit.
317 802 391 860 Unde
399 801 526 858 Dominus
535 799 600 856 dicit
612 816 619 852 :
632 796 715 852 Nemo
724 792 959 860 amitadPotrem,
1013 790 1100 847 soluta
1113 805 1174 848 esse
1195 790 1359 863 perspicitis,
1382 798 1477 845 utnon
1489 789 1545 860 iam
1559 788 1656 860 putetis

176 895 225 949 aiei
236 911 281 966 per
292 910 332 948 me
345 890 437 967 (ioan.
452 907 508 956 xm,
522 887 568 963 6).
581 888 645 945 Sine
657 902 736 943 causa
751 899 814 958 ergo
827 883 873 941 isti
885 898 960 955 quae-
1013 881 1074 937 simi
1090 879 1203 948 iratres,
1221 895 1286 937 vere
1308 879 1442 937 diabolum
1465 879 1504 936 sic
1527 879 1644 936 locutum

175 994 255 1051 runt,
274 983 408 1056 quomodo
422 982 544 1038 diabolus
556 979 589 1036 ad
605 980 687 1034 ὓειιιε
704 979 789 1049 potuit
803 977 897 1032 tenire
912 989 961 1046 per
1013 971 1089 1038 beo,
1114 980 1143 1027 ut
1161 972 1242 1027 etiam
1263 970 1358 1026 taciem
1379 969 1497 1026 veritatis
1508 1010 1516 1037 ,
1529 983 1608 1040 quarn
1631 983 1657 1038 pr

176 1074 319 1129 Christum.
342 1073 467 1130 Diabolus
489 1071 560 1127 enim
583 1070 617 1126 ad
639 1069 711 1125 iliam
731 1065 961 1138 contempiationis
1012 1060 1194 1132 conspiciunt,
1207 1059 1440 1131 viderepotuerit;
1453 1058 1545 1114 autad
1558 1058 1658 1113 iiiamc

176 1166 364 1222 beatitudinem
377 1180 430 1221 nun
446 1172 532 1236 potest
544 1162 698 1234 pervenire,
712 1175 765 1232 quo
778 1174 825 1216 εοε
838 1158 882 1230 qui
895 1172 961 1230 puro
1012 1149 1113 1207 uorem
1134 1149 1305 1207 beatitudinis
1325 1151 1444 1218 tenerit,
1457 1163 1511 1221 quo
1528 1163 1608 1204 nemu
1621 1147 1657 1203 nit

176 1266 239 1313 sunt
252 1257 332 1313 corde
346 1256 411 1312 tides
423 1256 565 1312 christiana
579 1252 709 1328 perducit.
726 1250 781 1308 Nec
796 1251 857 1307 ideo
872 1259 961 1306 tamen
1013 1243 1114 1298 mittunt
1134 1242 1226 1300 lesum
1246 1241 1381 1299 Christum
1395 1243 1487 1298 tenire
1501 1239 1657 1312 permittitur

176 1348 298 1404 diabotus
310 1361 404 1403 rocem
417 1346 464 1402 Dei
476 1345 608 1417 loquentis
618 1343 709 1399 audire
718 1358 770 1397 nun
780 1341 879 1413 potuit;
892 1340 962 1396 sieut
1013 1348 1074 1389 meu
1085 1333 1195 1390 multum
1206 1333 1323 1389 admiror
1332 1332 1468 1389 bominum
1479 1331 1588 1387 istorum
1598 1331 1657 1402 impr

177 1437 252 1492 multi
271 1437 392 1492 homines
410 1437 489 1492 etiam
510 1436 554 1506 qui
577 1449 629 1490 non
649 1432 820 1492 crediderunt
837 1431 960 1499 cbristo,
1013 1427 1058 1497 qui
1068 1425 1103 1482 de
1114 1426 1217 1483 risione
1228 1425 1383 1482 substantie
1395 1424 1491 1480 divinae
1501 1422 1654 1480 calumniari

175 1535 319 1598 patuerunt
336 1542 430 1583 rocem
451 1526 542 1582 audire
567 1525 601 1582 de
621 1524 691 1581 coeio
711 1523 823 1579 dicentis
841 1523 907 1591 Dei,
927 1521 961 1578 lit
1013 1516 1087 1583 lunt,
1107 1525 1134 1574 et
1148 1517 1176 1573 id
1188 1515 1259 1588 quod
1277 1517 1404 1587 scriptum
1418 1522 1526 1570 nonest
1543 1514 1577 1569 (ιε
1594 1511 1657 1583 Scrit

176 1620 314 1690 ctoripccei
325 1627 348 1674 et
358 1619 501 1689 clarificabo
513 1635 522 1675 .·
533 1632 594 1673 eum
605 1616 731 1672 Dominus
740 1615 859 1683 dixisset,
872 1613 960 1682 Pater,
1013 1609 1077 1665 stris
1092 1609 1273 1673 mentiuntur,
1297 1604 1368 1677 quod
1390 1606 1473 1661 Deum
1496 1603 1618 1659 diabulus
1636 1603 1657 1658 ri

175 1710 289 1778 clarifice
302 1708 397 1763 Fiiium
410 1717 480 1762 tuom
494 1706 550 1778 (id.
564 1722 615 1773 ιιι,
628 1705 678 1772 28,
691 1704 750 1776 27).
1014 1709 1114 1755 ιειιιειιι
1128 1699 1190 1755 bine
1203 1698 1328 1753 invidiam
1340 1695 1457 1753 mnssare
1470 1705 1617 1759 conabitur,
1640 1709 1657 1748 u

211 1798 323 1855 caput*
341 1797 386 1854 Vi.
397 1797 470 1855 -6,
486 1796 691 1867 inconspectum
705 1794 962 1850 Driomirsediobo-
1013 1790 1182 1847 exhorruerit
1193 1831 1201 1855 ,
1213 1799 1241 1846 et
1252 1789 1387 1860 indignum
1399 1802 1459 1843 csse
1467 1784 1625 1856 judicaverit
1639 1800 1657 1838 u

175 1887 244 1954 ium,
268 1888 330 1961 quid
339 1889 382 1944 sit.
405 1887 482 1956 Quod
506 1896 593 1944 autem
608 1887 735 1959 scriptum
759 1895 814 1953 εει,
828 1884 961 1941 diabolum
1013 1883 1109 1938 viderit
1126 1882 1228 1948 θειιιι,
1242 1881 1346 1952 penitus
1359 1895 1374 1933 a
1386 1879 1533 1935 divinarum
1547 1877 1657 1947 Scriptut

174 1981 279 2035 venisse
292 1981 317 2034 in
332 1989 503 2049 conspectum
523 1979 587 2044 Dei,
606 1993 659 2033 non
679 1977 739 2033 ideo
756 1977 883 2048 seriptum
901 1985 960 2044 est,
1013 1975 1152 2041 ctoritate,
1177 1972 1323 2043 suspiciosa
1339 1971 1484 2042 ignorantia
1503 1984 1556 2024 non
1570 1967 1657 2036 intollit

175 2070 236 2139 quia
254 2069 391 2140 quisquam
409 2077 497 2139 potest
515 2067 656 2139 aliquando
673 2076 843 2138 conspectum
860 2048 961 2122 Dei'iu·
1013 2065 1139 2136 scriptum
1152 2073 1210 2132 cst,
1224 2072 1375 2120 avertatur:
1389 2078 1449 2118 eum
1463 2061 1513 2134 ipsi
1528 2062 1657 2117 Dominun

175 2174 250 2230 gere,
264 2158 338 2228 cuius
352 2158 437 2214 oculis
450 2167 544 2213 cuncta
557 2157 675 2226 subjectu
688 2166 764 2222 sunt,
779 2165 806 2212 et
818 2155 862 2212 eui
874 2155 961 2211 cordis
1013 2159 1104 2216 desum
1116 2157 1249 2214 Christum
1262 2158 1345 2213 Deum
1363 2169 1489 2212 essenon
1511 2161 1626 2226 negent,
1648 2167 1657 2208 t

175 2249 316 2319 cujustibet
327 2249 491 2321 profunditas
505 2257 576 2319 patet
587 2265 593 2302 :
606 2247 651 2302 sed
664 2248 724 2318 quia
736 2248 761 2303 iu
773 2256 875 2303 secreto
887 2261 962 2302 crea-
1014 2252 1164 2322 sumptione
1189 2250 1297 2306 humani
1321 2248 1441 2319 corporis
1456 2262 1518 2303 eunt
1538 2243 1657 2301 hominib

175 2349 242 2395 tura
261 2348 416 2403 oetaeum,
435 2354 495 2411 que
515 2339 649 2409 Scriptum
670 2338 801 2407 narravit,
822 2347 960 2409 propterea
1014 2343 1098 2398 ruisse
1114 2341 1273 2412 coniugam.

174 2431 301 2501 scripturn
321 2438 379 2498 est,
399 2429 434 2484 Et
452 2446 509 2485 ecce
527 2439 644 2484 cenerum
660 2430 749 2501 Aeacii
763 2430 790 2484 in
803 2440 961 2500 routpertum
1008 2497 1010 2501 ,
1048 2433 1160 2490 eruut
1180 2432 1224 2488 tx.
1244 2462 1278 2473 -—
1295 2432 1321 2488 9.
1339 2431 1473 2485 idoniobui
1492 2427 1620 2485 Christum
1638 2426 1657 2480 b

175 2523 239 2589 Deir
259 2524 379 2596 quanrris
397 2539 413 2579 a
432 2533 577 2594 conspectu
600 2522 646 2577 Dei
669 2536 802 2593 nunquam
823 2521 959 2578 recedant.
1013 2544 1070 2583 ram
1088 2544 1140 2582 non
1163 2536 1265 2597 nepem.
1292 2525 1383 2597 Anqett
1404 2540 1449 2595 per
1472 2538 1557 2578 „mm
1583 2537 1657 2591 corpe

174 2614 346 2684 Quocumque
366 2613 437 2670 enirn
455 2614 605 2679 mittuntur,
625 2613 661 2668 ibi
681 2628 787 2684 quoque
804 2621 902 2684 praesto
920 2620 963 2670 est
1013 2631 1084 2694 mum
1106 2626 1239 2691 apparent.
1251 2617 1407 2686 -Quando
1424 2631 1489 2689 ergo
1502 2613 1622 2670 diabolus
1642 2621 1657 2668 t

174 2712 334 2775 conspectus
345 2703 402 2761 Dei.
420 2704 473 2760 Sed
492 2705 544 2760 iilic
557 2703 663 2775 proprie
676 2711 834 2775 conspectus
851 2703 900 2760 Dei
918 2702 961 2759 di·
1014 2728 1061 2769 sus
1082 2720 1124 2768 egr
1137 2711 1277 2767 nominum
1298 2708 1403 2782 (narrt,
1425 2724 1468 2775 tt,
1489 2705 1579 2779 pfl),
1594 2721 1655 2761 cum

126 2831 129 2835 ⁴
174 2796 254 2863 estur·
267 2809 320 2867 ‘1¹¹⁰
331 2794 463 2850 h¹¹¹¹¹³¹¹¹¹⁵
475 2810 527 2849 ¹¹⁰ss
541 2803 628 2864 ii⁰²0⁸¹
638 2804 778 2864 Ρθῐῑθῑῐθΐθ
788 2802 960 2865 ⁰0¹¹⁸i³⁰0i1¹83
1014 2803 1108 2870 deret,
1127 2803 1191 2874 quid
1212 2802 1337 2858 sitiebat?
1350 2802 1379 2859 Si
1397 2816 1493 2870 corpus
1506 2801 1564 2869 ejus
1577 2799 1656 2855 ridub

174 2888 243 2942 sicut
254 2896 317 2943 sunt
328 2894 430 2942 secreta
444 2885 623 2942 conscientiae.
638 2885 781 2955 Propterea
795 2900 856 2941 cum
871 2885 963 2942 redar-
1013 2894 1060 2951 bat
1071 2909 1134 2965 ergo
1147 2893 1277 2949 Dominus
1289 2908 1402 2963 corpus,
1417 2891 1487 2964 quod
1506 2891 1598 2945 nolunt
1612 2905 1657 2960 per

173 2978 280 3049 gaimus
299 2978 489 3044 mentientem,
509 2993 562 3032 nun
582 2992 643 3033 eum
655 2977 767 3033 dicimus
780 2978 807 3033 in
819 2987 961 3049 conspeetu
1015 2987 1074 3042 teri.
1089 2985 1118 3043 st
1133 2995 1220 3043 antem
1234 3001 1331 3055 eorpus
1344 3001 1396 3041 non
1410 2983 1540 3050 hahebat,
1554 2983 1611 3053 ipsa
1624 2982 1657 3037 di*

174 3068 222 3125 Dei
237 3069 372 3132 loentum,
388 3069 448 3138 quia
462 3082 515 3122 uon
528 3066 579 3122 hoc
592 3068 696 3123 loeutus
708 3076 768 3135 est,
781 3070 851 3139 quod
865 3069 892 3123 iu
904 3069 962 3124 ani·
1015 3077 1109 3132 stanna
1123 3076 1222 3133 (imboli
1241 3077 1325 3131 oeulis
1337 3073 1509 3145 subjacebat:
1524 3087 1602 3143 quarn
1624 3086 1657 3128 no

174 3175 219 3217 mo
231 3161 290 3231 eius
300 3160 429 3230 conspicit
442 3159 522 3225 Deus,
535 3173 588 3230 quo
598 3170 768 3230 conspectum
780 3159 896 3231 dirigere
908 3177 962 3219 trun
1014 3170 1065 3226 nisi
1086 3170 1131 3241 qui
1151 3183 1218 3240 puro
1236 3177 1298 3225 sunt
1318 3167 1415 3233 corde,
1430 3166 1498 3222 sicut
1509 3181 1543 3221 ex
1557 3165 1657 3236 Evanpe

174 3261 263 3324 potest
276 3253 366 3307 bomo.
381 3251 448 3320 Quia
462 3267 525 3322 ergo
539 3251 597 3307 haee
609 3259 663 3305 ιειιι
676 3253 790 3309 latenter
802 3262 876 3325 gestu
889 3262 959 3321 sunt,
1015 3260 1064 3330 ipsi
1083 3267 1302 3315 commemorant.
1326 3257 1349 3314 0
1370 3258 1519 3327 importuna
1542 3256 1649 3312 cecitas

175 3351 207 3399 ut
226 3343 337 3399 indicari
357 3341 508 3398 bominibus
532 3357 580 3412 per
600 3341 750 3413 Scripturas
768 3351 890 3409 satietas,
910 3345 962 3400 nisi
1015 3351 1090 3406 rum!
1116 3350 1170 3407 Cur
1189 3348 1339 3419 Scripturas
1357 3357 1479 3412 nostras,
1501 3345 1570 3416 quod
1586 3346 1657 3401 ocur

175 3435 274 3492 Sancto
286 3434 385 3506 Spiritu
396 3435 543 3502 revelante,
557 3450 610 3488 nun
624 3443 743 3505 possent,
755 3435 962 3506 inconspectum
1015 3441 1130 3507 viderit,
1151 3440 1313 3495 mendaciter
1323 3439 1425 3508 argitis,
1442 3446 1469 3492 et
1484 3435 1603 3506 negando
1614 3451 1657 3490 cut

176 3529 222 3584 Dei
236 3535 341 3582 tentum
356 3541 427 3593 esse,
441 3536 521 3597 atque
535 3525 570 3581 ibi
584 3536 657 3599 gesta
672 3541 732 3582 esse
746 3538 897 3584 narramur.
1016 3533 1065 3599 sti,
1076 3532 1191 3588 divinam
1200 3530 1258 3599 ejus
1270 3528 1444 3585 substantiam
1458 3526 1555 3582 diaboii
1570 3525 1654 3582 oeulis

211 3618 323 3674 catut
341 3616 398 3673 Vbi.
410 3647 447 3658 -
458 3619 484 3671 1.
499 3618 630 3683 Quoaeodo
649 3618 764 3674 diabotus
778 3620 826 3690 snb
840 3621 867 3675 in
880 3621 962 3678 medio
1015 3625 1083 3682 velie
1096 3621 1280 3679 convincerisi
1302 3624 1344 3678 bn
1358 3619 1444 3686 forte,
1467 3621 1536 3677 sicut
1547 3619 1636 3675 dicere
1649 3634 1657 3674 t

174 3707 337 3780 directorum.
369 3707 446 3776 Quod
473 3719 561 3764 autem
587 3709 710 3764 diabulus
723 3711 749 3764 in
770 3710 859 3766 medio
872 3712 963 3784 Ange·
1015 3731 1070 3770 non
1083 3712 1469 3783 habebatoorpushumauutn,
1484 3720 1512 3765 ut
1525 3725 1554 3766 se
1567 3719 1655 3765 umen

175 3797 261 3853 lurum
278 3795 341 3862 tuit,
361 3797 384 3853 si
400 3799 485 3854 bunos
499 3798 616 3869 Angelos
629 3798 767 3871 intelligis,
782 3801 860 3857 sicin
875 3803 963 3861 medio
1015 3804 1078 3861 bere
1091 3802 1271 3860 monstraret?
1284 3801 1349 3868 Quis
1370 3814 1435 3871 ergo
1447 3800 1535 3855 terius
1553 3808 1580 3854 et
1593 3799 1657 3854 recti

175 3903 268 3944 eurum
281 3887 398 3960 intellige
408 3887 553 3956 diabolum,
566 3890 633 3944 sicut
645 3905 708 3945 reus
721 3891 746 3945 in
759 3892 848 3948 medio
858 3894 963 3964 appari·
1016 3897 1120 3963 insani,
1133 3895 1177 3966 qui
1191 3894 1275 3950 credit
1294 3894 1376 3949 Deum
1390 3893 1507 3947 locutum
1517 3905 1577 3947 esse
1595 3905 1656 3946 cum

177 3988 262 4035 torum
281 3976 365 4048 judici
381 3978 528 4035 audiendus
545 3981 644 4035 assistit
670 3981 727 4035 Non
741 3983 812 4038 enirn
826 3983 961 4055 Scriptura
1015 4003 1048 4043 an
1062 3988 1106 4059 qni
1118 3986 1204 4043 credit
1216 3986 1298 4041 Deum
1314 3999 1367 4040 non
1379 3983 1465 4040 solum
1478 3998 1537 4038 cum
1547 3981 1654 4037 diabolo

176 4071 293 4128 deciarat
304 4073 396 4143 quales
408 4072 446 4126 iili
459 4072 553 4143 Augeii
570 4071 677 4127 tuerint.
691 4070 720 4130 Si
733 4084 822 4130 autem
835 4077 861 4131 iu
875 4077 963 4135 medio
1015 4077 1063 4134 sed
1076 4078 1156 4133 etiam
1169 4076 1341 4132 diaboioesse
1354 4074 1494 4131 mentitum
1503 4073 1516 4127 i
1525 4071 1657 4140 Quosdam

76 4221 94 4238 Ι
175 4164 330 4236 angelorum
342 4163 488 4230 maiorum,
508 4163 571 4234 quid
586 4163 681 4219 mirum
697 4174 752 4231 est,
773 4167 915 4239 principem
932 4184 964 4226 ae
1015 4171 1088 4242 peius
1100 4169 1221 4224 humanis
1235 4167 1319 4224 oculis
1336 4166 1507 4237 apparuisse,
1532 4164 1657 4233 Scriptum

176 4253 270 4310 ducem
283 4253 357 4309 turba
369 4253 550 4308 ministrorum
562 4268 670 4308 suorum
682 4269 742 4310 εεεε
753 4255 963 4315 circumdatum?
1015 4271 1119 4316 murat:
1133 4260 1180 4315 sed
1190 4259 1280 4330 utiquc
1294 4257 1415 4327 potestati
1425 4270 1517 4312 eorum
1529 4269 1657 4325 corporea

175 4345 205 4402 si
216 4353 303 4400 autem
317 4345 344 4400 in
358 4353 517 4413 conspectum
531 4343 578 4398 Dei
591 4344 662 4414 quod
676 4344 775 4400 dictum
789 4355 848 4412 est,
864 4348 963 4405 sicae·
1015 4365 1072 4405 ram
1087 4351 1123 4404 ita
1136 4348 1261 4404 Dominus
1271 4346 1403 4414 subdidit,
1415 4355 1445 4402 ut
1455 4346 1508 4401 iilis
1520 4346 1595 4401 ειιιιι
1607 4360 1655 4416 pru

176 4437 276 4505 cipias,
294 4443 324 4489 ut
341 4434 378 4490 ilii
397 4434 424 4489 in
442 4442 613 4503 conspectum
633 4434 680 4490 Dei
701 4437 824 4505 veniant,
843 4440 888 4508 qui
910 4455 962 4495 non
1015 4449 1160 4510 coaptaret.
1174 4438 1249 4496 Unde
1261 4448 1288 4495 ει
1298 4437 1356 4501 iiii,
1370 4437 1490 4508 quamtis
1502 4451 1554 4492 non
1568 4436 1621 4490 nati
1636 4451 1657 4491 e:

177 4529 262 4584 aulum
283 4527 481 4598 conspiciuntur
503 4527 536 4582 ab
556 4542 608 4592 εο,
630 4526 677 4582 sed
698 4528 777 4583 etiarn
798 4532 964 4603 conspicium
1015 4545 1107 4586 terum
1129 4539 1217 4586 tamen
1237 4542 1333 4598 corpus
1355 4526 1523 4593 habuerunt,
1546 4524 1617 4596 quud
1637 4540 1657 4580 e:

177 4635 253 4685 eum,
275 4619 314 4674 sic
333 4616 533 4688 intelligendum
552 4626 593 4673 cst
610 4617 637 4673 in
658 4619 747 4674 medio
767 4634 860 4676 eorum
883 4622 963 4680 iuisse
1016 4621 1105 4691 specie
1118 4620 1143 4674 in
1158 4619 1305 4690 quamlibet
1316 4617 1431 4687 speciem
1445 4630 1493 4687 pro
1506 4616 1547 4672 sui
1564 4614 1657 4670 minist

177 4710 328 4774 diabolum,
343 4719 372 4764 ut
384 4719 472 4764 umen
488 4709 589 4776 Derim,
605 4724 684 4779 quem
699 4709 748 4781 ipsi
761 4712 902 4782 videbant,
920 4716 964 4772 iiie
1016 4711 1096 4765 officii
1115 4710 1218 4764 muana
1243 4716 1442 4772 converterenii
1462 4722 1496 4762 0¹
1521 4721 1583 4761 1813
1599 4717 1657 4762 [11111

178 4819 231 4860 non
248 4801 361 4868 viderim
380 4809 410 4856 nt
425 4801 504 4854 etiam
517 4815 566 4870 per
581 4801 694 4871 aliquem
709 4812 860 4860 sarrctorum
874 4805 963 4878 Ange-
1016 4816 1083 4855 ram.
1096 4799 1155 4855 Nun
1166 4800 1237 4855 enim
1248 4806 1275 4854 ει
1287 4798 1343 4868 ipse
1355 4797 1482 4853 Dominus
1492 4811 1552 4851 cum
1564 4810 1657 4867 aquam

177 4895 264 4952 lurum
282 4892 351 4947 Deus
368 4889 475 4946 diabolo
489 4891 524 4945 sit
537 4892 650 4946 ioetrtus.
669 4890 724 4946 Nec
744 4895 876 4950 tamenin
895 4895 964 4953 libro
1016 4893 1043 4947 in
1055 4892 1156 4959 tinum,
1169 4889 1424 4961 autequamsaisam
1436 4931 1444 4957 ,
1456 4890 1601 4946 auttinum
1612 4887 1657 4946 init

178 4983 306 5054 scriptum
320 4990 372 5048 est,
387 4980 438 5036 nisi
453 4978 524 5034 Dio-it
538 4978 615 5035 Dect.
630 4978 704 5036 Sicut
718 4981 797 5038 etiam
810 4983 837 5039 in
852 4987 964 5056 negotiis
1016 4997 1157 5056 possumus
1167 4981 1265 5038 dioere·

180 5075 307 5147 publicis,
327 5087 478 5144 quanquam
499 5071 624 5141 pleraque
644 5087 691 5142 per
712 5088 862 5143 preconem
881 5077 964 5149 judex
1051 5074 1163 5133 catut
1181 5072 1433 5132 X.-i0.Cbn‘atua
1445 5072 1657 5147 diaboloquemou

179 5167 311 5237 loquatur.
320 5164 417 5236 judicis
428 5173 514 5218 tamen
525 5176 634 5229 nomen,
642 5175 702 5218 eum
712 5162 792 5220 Gesta
801 5167 962 5237 scribuntur,
1017 5169 1106 5222 but-
1118 5164 1205 5222 Omne
1218 5171 1307 5237 itaque
1318 5180 1431 5236 eorpus,
1445 5166 1521 5235 eujus
1533 5173 1574 5221 est
1587 5172 1657 5221 uatut

179 5270 234 5312 uon
254 5254 336 5312 etiam
357 5255 486 5325 praeconis
506 5252 642 5308 inseritur.
662 5251 737 5309 Sient
759 5264 847 5312 autem
869 5258 965 5331 aliquis
1016 5256 1170 5325 mutabilis,
1189 5257 1225 5313 ad
1249 5264 1342 5312 nutum
1362 5255 1611 5327 omnipotentissimi
1629 5254 1657 5312 (a

180 5347 260 5404 bomo
272 5346 374 5403 risione
385 5343 539 5416 prophetica
545 5343 679 5415 indignus,
685 5353 866 5415 potesttamen
873 5349 899 5405 in
906 5366 965 5408 me-
1016 5349 1045 5404 in
1056 5361 1237 5420 quascumque
1250 5345 1350 5417 species
1360 5343 1440 5401 tuerit
1448 5355 1650 5411 commutatum,

180 5438 226 5495 dio
234 5436 424 5507 Prophetarum
431 5444 514 5501 stare,
523 5443 553 5490 ut
563 5442 664 5490 tanum
670 5433 761 5492 audiat
772 5438 844 5509 quod
857 5454 905 5511 per
918 5456 965 5499 eos
1016 5440 1142 5496 tamenin
1160 5451 1211 5493 suo
1220 5450 1317 5507 genere
1330 5450 1382 5490 nou
1394 5435 1496 5492 recedit
1510 5454 1517 5490 ε
1533 5436 1657 5507 quonium

180 5530 244 5586 dicit
255 5527 392 5592 Dominus,
408 5541 457 5582 trec
470 5523 740 5597 tementidcatquod
753 5528 965 5590 iiiiridentzsic
1017 5546 1068 5603 que
1091 5529 1217 5584 varietate
1239 5534 1371 5593 mutetur,
1394 5536 1422 5583 ει
1443 5541 1538 5600 corpus
1556 5536 1645 5585 tamur

182 5621 267 5690 potuit
278 5629 306 5682 et
317 5619 438 5677 diabotus
448 5633 509 5676 esse
526 5620 554 5674 in
574 5618 662 5677 medio
679 5631 832 5680 suucwrutn
848 5623 965 5699 bugeio-
1050 5636 1155 5696 ⁸torto,
1167 5645 1225 5687 ou..
1237 5635 1398 5700 sumturum.
