3728 6276
177 155 212 213 ω
906 157 1019 218 mutto
1045 159 1080 218 Χ.
1766 173 1800 231 bl

175 267 402 340 circumcisionis,
415 269 491 343 quod
505 271 576 345 apud
593 270 699 330 ludam
709 286 764 329 non
777 270 899 334 vivebat.
917 272 962 341 qul
1015 286 1067 328 non
1089 272 1145 343 ipsa
1171 280 1327 344 pepererat,
1348 273 1427 331 etiam
1445 276 1608 334 contendere
1628 279 1759 336 audebant
1773 283 1797 348 ¹;

173 360 327 417 «viderant
348 360 499 430 Christum,
522 364 567 434 qui
590 363 707 419 omniurn
733 371 962 419 sacramentorum
1013 378 1074 419 cum
1088 363 1137 434 ipsi
1156 380 1188 419 ex
1204 366 1328 437 operibus
1342 367 1420 441 Legis
1438 368 1548 425 excluso
1567 371 1701 430 intellectu
1721 375 1797 444 spiri·

173 449 223 504 rita
235 458 296 516 est:
318 453 444 522 quoniam
464 453 493 509 in
512 454 556 510 illo
568 454 682 509 vitaliter
703 452 874 523 intelligitur,
890 450 961 523 quod
1012 454 1077 509 tuali
1095 461 1217 526 tanquam
1232 455 1265 511 de
1284 471 1396 529 corpore
1410 459 1499 528 operis
1512 459 1553 515 sul
1575 461 1688 517 animam
1707 462 1797 533 ejece·

170 542 238 612 apvd
249 541 362 600 ludaeos
374 545 514 602 visibiliter
525 545 672 602 celebratur
687 562 695 599 a
711 544 762 600 hoc
774 545 860 615 itaque
872 558 961 600 sacra·
1012 553 1081 609 rant,
1095 552 1122 599 et
1135 545 1333 617 exstinguentes
1348 548 1491 619 prophetin
1505 549 1627 620 spiritum
1641 551 1748 616 vivum,
1763 554 1796 609 ad

169 643 288 689 utum
301 633 516 691 circumcisionis
530 645 652 706 tauquam
664 635 785 692 exanima
794 650 891 705 corpus
902 636 961 707 qui·
1010 632 1125 687 manalis
1138 647 1219 703 opera
1231 636 1290 691 sine
1302 637 1374 701 vita,
1390 637 1440 694 hoc
1453 646 1504 703 est,
1520 640 1578 696 sine
1595 638 1729 697 intellectu
1742 643 1795 712 spi·

168 724 226 780 dn
239 724 333 783 sudat
346 726 470 784 volumno
480 728 641 800 manauere
651 727 811 795 Gentilibus,
826 728 870 799 qut
882 727 960 783 chri-
1009 720 1097 777 rituali
1120 734 1323 792 remanserant;
1338 742 1397 796 quae
1411 727 1539 784 Gentibus
1551 730 1631 786 etiam
1646 746 1795 803 supponere

168 823 207 872 tu
225 814 421 884 uedtmranr,
440 817 548 874 sicutin
564 817 674 874 Actibus
692 817 877 888 Apostolorum
894 816 958 871 scri·
1008 810 1165 882 cupiebant,
1180 823 1208 869 et
1224 814 1259 869 ab
1275 815 1314 871 eis
1333 824 1456 886 tanquam
1469 818 1558 874 vivom
1573 818 1676 886 Elium,
1697 836 1793 878 nomen

168 916 313 976 mest,
337 908 458 965 dicentes
471 923 524 964 non
541 922 619 980 posse
637 923 684 964 eos
702 890 762 964 esse
782 907 889 975 salvos,
907 904 958 961 nisi
1007 901 1111 957 auterre
1122 900 1313 960 Christianum.
1335 905 1407 973 Quos
1421 904 1455 962 ita‘
1476 909 1750 984 retollitApostolus,
1764 924 1794 970 ut

167 997 260 1053 kent
277 997 435 1056 circuurcisl
450 999 516 1072 (Act.
529 1015 574 1065 xv,
597 997 647 1072 l)l
661 998 856 1056 Persuadebant
868 1007 956 1053 aunem
1006 997 1081 1046 tanto
1088 991 1213 1047 minusad
1222 995 1405 1063 eospcrtinere
1413 996 1599 1068 dieatgratiam
1607 997 1792 1069 christianam,

166 1085 212 1143 boe
223 1087 417 1159 mannaim
429 1088 544 1162 Qum,
559 1101 682 1162 tanquam
698 1090 724 1146 in
740 1089 857 1147 tenebris
871 1091 956 1145 nocais
1005 1093 1104 1152 quanto
1115 1085 1197 1155 magis
1209 1100 1267 1140 earu
1281 1086 1331 1142 sibi
1345 1096 1468 1159 tanquam
1483 1091 1598 1147 debitam
1609 1093 1754 1161 vindicant,
1764 1104 1792 1149 et

165 1178 244 1233 thum
264 1190 407 1237 mortuom
421 1191 608 1253 supponentes,
627 1181 682 1239 Nep
697 1191 785 1237 amen
807 1181 890 1251 ροιῃῑι
905 1181 955 1236 ati.
1005 1173 1080 1244 quasi
1090 1173 1150 1244 jure
1162 1191 1271 1247 opernm
1289 1192 1362 1232 suam
1373 1181 1597 1251 essegloriantur.
1617 1182 1729 1238 Etenim
1748 1185 1792 1254 qut

164 1269 222 1339 quid
234 1272 332 1326 valere
343 1272 388 1327 illo
402 1273 547 1342 persuasio,
561 1273 611 1330 nisi
623 1288 682 1329 cum
694 1274 818 1330 Ecclesiae
830 1271 954 1330 Gentium

164 1373 193 1414 ex
212 1359 305 1428 aliqua
327 1371 405 1433 parte
418 1365 534 1418 stultitiae
553 1378 662 1420 somnus
675 1364 802 1433 obrepsit.
817 1365 901 1432 Quam
916 1363 954 1418 vi·

165 1448 239 1507 detur
251 1453 334 1522 quasi
346 1452 522 1510 dormientem
535 1455 676 1524 Apostolus
686 1456 810 1522 excitare,
823 1455 952 1522 clamans,

167 1536 273 1595 baetti
294 1541 413 1607 Galatas,
432 1545 488 1608 qvia
506 1561 551 1599 ros
573 1546 728 1617 [maranisi
741 1554 769 1602 ot
787 1546 951 1616 paulopost,

166 1629 206 1687 bic
218 1631 295 1687 malai
307 1635 388 1698 catis,
401 1635 503 1706 inquit,
516 1647 544 1690 art
554 1653 612 1692 cam
623 1638 714 1708 spiritu
726 1624 864 1708 reperitis,
886 1653 952 1692 nurnc

165 1739 235 1778 mc
245 1728 460 1782 mmmsunaina'
473 1727 572 1800 (Galat.
586 1729 711 1799 ιιι,1,5).
728 1730 863 1800 Tanquam
875 1732 897 1787 si
912 1731 952 1786 di·

148 1821 254 1868 aava:
270 1814 320 1870 Sic
333 1812 407 1870 stulti
420 1817 504 1877 estis,
519 1827 548 1872 nt
561 1833 622 1873 cunr
641 1821 714 1888 prius
734 1819 877 1876 habueritis
896 1821 950 1890 spi·

165 1902 255 1960 rituale
268 1918 342 1975 opus
352 1906 462 1975 vivum,
477 1907 528 1963 boc
544 1909 643 1964 amisso
656 1918 747 1979 postea
761 1919 894 1965 mortuum
907 1925 952 1967 ac·

164 1991 264 2062 sipiatis
283 1994 414 2051 alienum.
434 1996 493 2066 lpse
509 1998 607 2070 quippe
626 2000 769 2070 Apostolus
787 1999 849 2057 alibi
869 1999 948 2069 dicit,

165 2080 275 2154 Spiritus
286 2086 341 2140 vita
352 2096 389 2142 est
402 2097 503 2160 propter
511 2090 654 2162 justitiam
670 2101 698 2146 et
710 2090 782 2158 alibi,
797 2091 894 2163 Sapere
905 2109 951 2146 aa·

166 2182 208 2227 tar
217 2174 362 2231 mmor
374 2193 484 2245 mrem,
497 2195 565 2235 mora
578 2191 615 2235 sat
627 2180 713 2253 (Rom.
726 2198 782 2248 vttt,
793 2182 837 2251 to,
852 2184 891 2254 6).
904 2183 950 2239 llis

165 2271 248 2320 autem
261 2275 348 2337 atque
365 2267 516 2338 hujusmodi
530 2271 640 2327 vocibus
662 2271 706 2327 illa
727 2284 812 2329 mater
824 2275 948 2346 evigilat,

165 2361 188 2408 et
199 2354 228 2408 lit
241 2355 268 2411 ei
282 2371 374 2425 mane,
389 2373 450 2413 cum
462 2361 545 2416 verbo
559 2353 616 2427 bei,
631 2360 683 2419 hoc
692 2374 743 2431 est,
757 2379 817 2419 cuna
831 2365 947 2432 Christo,

165 2445 202 2514 qni
214 2446 370 2514 oriebatur,
388 2447 439 2504 boc
451 2459 512 2517 est,
528 2450 685 2522 loquebator
702 2454 727 2509 in
750 2453 852 2522 Paulo,
870 2455 949 2526 Legis

166 2537 327 2593 illuminatur
340 2539 498 2596 obscuritas.
519 2539 680 2600 llaue'entrn
698 2545 868 2612 illuminavit,
888 2562 947 2603 crrnr

166 2630 205 2694 air,
214 2629 299 2685 Dicite
321 2632 385 2686 anibi
397 2633 443 2688 sab
457 2633 645 2706 depeculantes
658 2654 720 2705 esse,
734 2636 825 2711 Legem
839 2656 889 2695 non
902 2657 948 2695 aa·

165 2721 251 2776 &abab
261 2721 395 2793 Scriptum
408 2733 445 2780 cst
457 2725 524 2779 enim
538 2727 598 2796 qaia
609 2727 738 2782 Abrabam
748 2729 813 2784 duos
825 2730 892 2799 filios
903 2731 947 2784 lan·

165 2811 228 2878 θείη
247 2829 331 2867 anam
344 2813 377 2868 da
394 2799 504 2880 nodilo,
524 2825 548 2870 et
561 2833 640 2871 anam
652 2819 684 2873 dc
696 2817 775 2873 libera
789 2834 799 2873 .·
812 2820 856 2874 scd
870 2820 948 2891 isqui

165 2903 192 2958 Aa
202 2904 318 2970 ancilia,
338 2906 477 2959 mandam
490 2923 589 2960 carnem
608 2916 682 2963 natur
694 2918 747 2975 eat,·
760 2909 804 2979 qm·
820 2919 904 2964 autem
917 2911 948 2967 dc

165 2994 245 3060 libera,
260 3010 307 3066 per
318 2996 555 3063 reprormssioncm5
568 3013 626 3068 qne
635 3010 694 3053 sant
703 3000 730 3053 in
742 2999 872 3072 olquoria.
887 3000 948 3056 llaec

164 3085 223 3139 mm
234 3095 295 3139 aunt
304 3087 358 3139 davo
369 3084 545 3154 taramriam
556 3105 633 3143 unum
643 3089 743 3160 quidem
752 3107 768 3143 a
777 3100 860 3146 monte
872 3091 946 3158 Sino,

116 3190 117 3195 ¹
165 3176 340 3232 invavitvatcm
353 3194 487 3250 amaram,
500 3181 568 3251 quod
579 3190 615 3235 eat
627 3182 705 3253 Agar.
722 3181 787 3238 Sina
798 3185 864 3237 anim
876 3200 947 3238 mons

164 3271 228 3324 catio
239 3269 345 3334 Arabia,
359 3285 417 3341 qaoe
428 3273 562 3343 conjuncta
574 3282 611 3327 cst
625 3274 692 3340 hnic,
705 3290 763 3344 que
775 3291 841 3329 nunc
852 3285 888 3330 est
899 3274 946 3330 Je-

164 3359 266 3415 raaaienr
278 3376 289 3415 ε
302 3361 379 3414 servit
391 3361 457 3414 enim
474 3378 531 3415 cam
550 3363 612 3432 filiis
630 3362 693 3418 sais.
711 3363 775 3430 Quor
790 3374 873 3419 antem
888 3381 946 3420 sar·

163 3467 213 3506 mm
225 3461 261 3507 cst
272 3449 438 3518 amnem,
456 3453 534 3507 libera
548 3462 584 3507 cst
599 3451 697 3525 (Galat.
710 3470 746 3522 tv,
765 3453 872 3525 stet).
886 3455 945 3511 Non

164 3555 220 3612 ergo
231 3542 349 3610 mirum,
368 3542 513 3614 aipropter
525 3551 627 3599 mortua
645 3558 743 3614 opera,
762 3542 795 3598 ad
814 3559 873 3601 earn
887 3561 946 3616 que

150 3618 284 3691 'samm
301 3643 363 3701 est,
382 3644 521 3698 mortuom
534 3642 562 3689 et
575 3642 682 3703 propter
695 3634 856 3705 spiritualia,
870 3636 945 3692 vivus

163 3726 271 3795 petinet
287 3724 323 3781 ad
339 3738 471 3795 eamque·
485 3739 590 3781 sursum
608 3736 649 3781 est
661 3724 818 3784 Jerrrsaleun.
839 3727 905 3798 Quia
918 3739 947 3785 et

163 3814 232 3871 interi
245 3815 375 3872 deorsum
395 3822 475 3880 sunt,
496 3830 549 3886 quo
565 3816 699 3885 pertinent
718 3817 836 3872 mortui:
856 3819 944 3888 superi

163 3912 245 3961 autem
261 3918 445 3975 sursumque
456 3904 588 3975 pertinent
598 3905 661 3958 vivi.
677 3906 731 3961 lluc
743 3905 943 3975 illuminatione,

163 4005 282 4068 cuquam
296 4011 378 4052 mane
390 3995 471 4062 iacto,
483 3986 604 4067 intelligit
616 3996 733 4052 Ecclesia
747 3999 856 4068 gratiam
867 3999 945 4070 spiri·

163 4088 270 4153 malem
286 4087 448 4158 repelleosa
466 4104 496 4144 so
513 4088 619 4144 corniale
632 4105 698 4160 opus
712 4089 803 4162 Legis,
820 4101 949 4162 uniquam

163 4189 292 4233 mortum
315 4179 448 4244 alienum;
466 4187 494 4234 et
514 4179 563 4233 sibi
585 4179 721 4236 vindicans
740 4182 825 4237 vivam
844 4182 942 4249 isdem,

163 4272 283 4340 quobus
295 4271 387 4341 justus
404 4285 437 4326 ex
458 4269 510 4326 tide
522 4272 585 4325 vivit
598 4272 686 4342 (Eum.
701 4289 726 4338 r,
743 4274 786 4345 Π)
800 4291 807 4329 :
823 4289 901 4345 quant
915 4276 942 4329 in

163 4360 244 4417 Patris
262 4369 293 4417 et
311 4359 371 4415 diti
389 4368 417 4416 st
434 4360 549 4432 Spiritus
570 4363 654 4418 sancti
671 4363 779 4418 nomine
800 4373 943 4422 consecuta

160 4462 210 4519 est;
222 4461 252 4509 et
272 4449 335 4508 ideo
348 4459 471 4522 tanquam
490 4451 640 4507 triduanum
661 4452 743 4509 lilium
756 4464 827 4509 certa
842 4470 941 4526 cogno·

161 4545 214 4610 scit,
226 4558 278 4600 nac
290 4557 354 4600 eum
367 4541 418 4599 sibi
431 4543 497 4614 eripi
511 4543 617 4612 patitur.

189 4637 216 4692 E
246 4633 337 4690 suem
365 4635 473 4706 modam
496 4633 659 4689 christianam
685 4633 734 4690 sibi
751 4633 859 4692 debitam
876 4637 941 4706 [aba

159 4720 284 4798 incrta
306 4723 382 4780 llum
398 4723 494 4780 mmet
509 4713 554 4778 illa
574 4738 651 4778 suurn
671 4739 731 4782 esse
749 4725 939 4797 Evangelium,

162 4825 279 4887 anunm
289 4814 340 4871 sibi
351 4813 482 4877 debitum,
495 4823 523 4870 ct
534 4829 583 4885 per
595 4829 625 4870 se
636 4825 799 4886 generatum.
814 4815 880 4872 llam
889 4817 941 4875 hoc

162 4907 279 4965 dedam
289 4907 421 4964 Gentibus
434 4908 460 4961 in
475 4904 531 4978 ipsa
545 4909 724 4975 contentione,
738 4910 783 4980 qui
796 4925 827 4965 ox
842 4909 940 4967 ludaeis

163 5000 295 5055 usualiter
308 4997 456 5053 sentientes
471 4995 638 5053 Christianos
653 5013 683 5054 se
697 4998 787 5054 dicere
798 4998 938 5056 audebant.

164 5087 290 5162 Tanquam
304 5089 423 5146 debitum
436 5089 507 5145 enim
519 5089 628 5159 justitias
639 5105 695 5145 suae
704 5090 940 5149 dicebantrenisse

165 5178 335 5251 Evangelium.
350 5179 403 5236 Sed
417 5195 471 5234 non
485 5187 543 5234 erat
556 5194 667 5248 eorum,
683 5180 753 5250 quod
768 5183 939 5252 spiritualiter

165 5283 212 5325 aon
229 5279 354 5326 noverant
373 5270 393 5323 ¹.
417 5268 494 5338 Quod
515 5284 579 5340 ergo
598 5268 738 5325 Christiani
758 5273 939 5343 vocabantur,

164 5360 242 5416 aliem
256 5362 360 5418 nomine
373 5361 532 5434 gloriantes,
547 5367 671 5431 tanquam
686 5362 730 5417 illa
742 5361 776 5418 de
789 5364 843 5420 lilio
859 5381 937 5437 mem

192 5535 198 5563 ¹
211 5541 255 5584 taso
265 5543 324 5597 ltus,
336 5535 376 5603 ua·
383 5533 543 5602 spiritualiter
554 5541 632 5586 insere
643 5549 688 5586 aron
695 5542 814 5591 noverunt.

1004 1274 1131 1334 operator,
1151 1265 1248 1336 inquit,
1266 1284 1358 1323 merces
1371 1285 1422 1323 non
1434 1271 1571 1340 imputatur
1583 1273 1717 1326 secandum
1731 1290 1790 1344 pra·

1004 1359 1075 1423 tiam,
1089 1358 1134 1412 scd
1146 1359 1282 1414 secundam
1294 1360 1412 1416 debitum.
1430 1362 1462 1416 tat
1474 1380 1531 1418 ocra
1540 1366 1583 1434 qui
1596 1382 1646 1420 nors
1659 1375 1799 1437 operatur,

1003 1445 1112 1501 medanti
1123 1456 1205 1501 uatem
1216 1449 1243 1503 in
1254 1465 1311 1503 evm
1325 1451 1368 1521 qm'
1377 1453 1503 1524 justificat
1515 1454 1619 1525 impium
1631 1496 1638 1523 ,
1652 1456 1789 1524 deputatur

1002 1535 1234 1607 bdmadinstitinm
1244 1538 1329 1609 (Rom.
1339 1556 1374 1607 rv,
1387 1543 1414 1607 t,
1428 1543 1467 1610 5).
1478 1543 1511 1598 Et
1524 1545 1583 1600 ideo
1593 1546 1739 1603 illosetiam
1752 1549 1786 1604 ab

1002 1637 1093 1679 eorum
1103 1641 1214 1682 numero
1224 1628 1352 1696 excludit,
1365 1631 1409 1700 qui
1422 1647 1455 1686 ex
1466 1631 1565 1687 ludaeis
1580 1644 1652 1690 reete
1665 1637 1782 1694 credide·

1001 1721 1078 1780 rant,
1103 1723 1130 1770 et
1148 1717 1234 1772 vivam
1257 1719 1472 1792 spiritualemque
1492 1723 1603 1794 gratiam
1626 1725 1784 1784 retinabant.

1000 1802 1072 1871 Quas
1090 1803 1215 1876 reliquias
1237 1805 1300 1862 dicit
1314 1809 1402 1879 populi
1417 1808 1569 1867 iudeorum
1585 1814 1672 1870 salvas
1685 1815 1783 1881 iactas,

1001 1909 1061 1951 cum
1078 1897 1219 1955 multitudo
1239 1899 1303 1956 isset
1324 1902 1350 1956 in
1372 1903 1569 1973 perditionem?
1584 1906 1629 1962 Sic
1646 1924 1705 1980 erpa
1721 1920 1745 1964 ct
1758 1913 1785 1965 in

1000 1984 1048 2040 hoc
1068 1996 1195 2057 tmepore,
1224 1990 1322 2061 lnquit,
1343 1993 1456 2065 reliquie
1473 2012 1517 2066 per
1537 1998 1680 2052 electionem
1696 2001 1785 2072 gratie

999 2076 1076 2132 saiooe
1088 2080 1234 2149 factasunt.
1248 2080 1279 2135 Si
1288 2091 1370 2137 autem
1381 2085 1472 2154 qratia,
1481 2087 1536 2156 jorn
1548 2103 1597 2141 oon
1607 2103 1639 2143 rx
1649 2088 1785 2157 operibus:

999 2166 1111 2238 alioquin
1122 2169 1206 2240 qratia
1212 2171 1270 2239 jam
1281 2188 1333 2226 non
1346 2181 1383 2228 est
1395 2176 1476 2245 qratia
1489 2173 1543 2246 (la.
1556 2192 1594 2242 xr,
1609 2178 1636 2244 5,
1650 2177 1687 2248 b).
1703 2179 1736 2238 Ut
1748 2181 1785 2238 illi

999 2257 1173 2314 excludantur
1183 2275 1198 2313 a
1210 2262 1303 2331 gratia,
1318 2264 1362 2332 qui
1375 2272 1497 2334 unquam
1508 2282 1585 2320 sunna
1600 2269 1745 2338 proprium,
1758 2271 1784 2324 id

999 2355 1055 2411 cst,
1068 2347 1193 2415 operibus
1207 2350 1261 2404 suis
1281 2351 1400 2407 debiturn
1413 2361 1440 2408 et
1456 2353 1545 2409 datum
1567 2355 1699 2426 Evangelii
1715 2375 1784 2426 prn-

998 2437 1080 2491 mium
1094 2438 1246 2494 vindicant:
1262 2441 1336 2511 quasi
1354 2443 1485 2498 clamante
1500 2445 1646 2516 synagoga,
1661 2447 1735 2502 Alcas
1748 2460 1784 2505 cat

998 2526 1092 2584 Fidus.
1119 2530 1171 2586 Sed
1195 2533 1391 2599 mentiebatur3
1414 2545 1553 2605 acceperat
1575 2540 1645 2593 enim
1671 2555 1731 2595 eum
1756 2552 1784 2598 et

999 2618 1056 2689 ipsa
1072 2637 1080 2675 ε
1095 2620 1142 2676 sed
1154 2637 1235 2691 super
1246 2638 1306 2678 eum
1320 2623 1475 2692 dormiens,
1490 2626 1516 2681 id
1531 2636 1589 2700 est,
1611 2630 1724 2699 superbo
1738 2647 1782 2687 sa·

998 2710 1074 2778 piens
1086 2720 1237 2766 necaverat.
1254 2712 1384 2783 vigilabat
1394 2724 1482 2770 autem
1495 2716 1550 2786 jaro
1571 2717 1621 2773 ista
1640 2729 1741 2786 mater,
1756 2730 1784 2777 et

997 2801 1181 2873 intelligebat,
1198 2818 1250 2860 non
1270 2807 1372 2862 meritis
1389 2808 1463 2874 suis,
1483 2810 1544 2879 quia
1562 2812 1687 2868 meretrix
1707 2827 1781 2880 crat,

997 2892 1044 2947 sed
1067 2893 1150 2964 gratia
1178 2893 1225 2949 Dei
1251 2895 1301 2951 sibi
1330 2897 1412 2952 lilium
1436 2913 1496 2955 esse
1518 2914 1689 2971 concessum,
1716 2920 1783 2976 opus

997 2982 1119 3039 videlicet
1137 2986 1296 3056 evangelicae
1315 2986 1391 3053 lidei,
1412 2990 1482 3058 qnod
1502 2992 1528 3044 in
1545 2991 1604 3048 sinu
1620 2993 1708 3051 cordis
1730 3012 1782 3051 nu-

997 3074 1062 3130 trire
1073 3077 1204 3145 cupiebat.
1219 3077 1308 3149 ltaque
1319 3078 1362 3133 illa
1373 3079 1483 3151 gloriam
1497 3081 1633 3139 hominum
1649 3087 1783 3156 querebat

998 3165 1024 3219 in
1039 3165 1127 3223 alieno
1148 3168 1203 3223 lilio
1217 3185 1224 3221 ε
1238 3167 1295 3225 baec
1314 3169 1437 3227 allectum
1457 3172 1607 3233 dilectionis
1619 3179 1740 3234 servabat
1754 3180 1781 3236 in

997 3268 1056 3311 suo.

1031 3346 1059 3401 l.
1081 3345 1205 3403 Adversas
1225 3349 1379 3421 hypocrisim
1400 3351 1436 3408 sic
1454 3354 1610 3422 rotandum,
1626 3365 1655 3411 at
1667 3367 1783 3414 caveatur

997 3436 1135 3506 periculam
1150 3439 1299 3493 schismatis.
1322 3440 1493 3499 llludantem
1508 3445 1576 3500 inter
1589 3448 1680 3503 ambas
1694 3452 1782 3520 regale

994 3523 1120 3595 iudicium
1133 3527 1198 3583 nibil
1211 3528 1281 3584 aliud
1295 3544 1345 3586 nos
1356 3531 1488 3598 admonet,
1505 3535 1555 3590 nisi
1569 3545 1597 3592 ut
1611 3552 1659 3607 pro
1671 3542 1781 3597 veritate

995 3625 1147 3683 certemus,
1161 3625 1189 3673 et
1201 3619 1364 3687 expellamus
1376 3621 1534 3692 hypocrisim
1553 3633 1676 3696 tanquam
1689 3628 1781 3685 lalsarn

995 3715 1117 3773 matrem,
1128 3721 1144 3761 a
1158 3707 1288 3778 spirituali
1300 3710 1423 3766 Ecclesia
1432 3712 1502 3768 dorso
1515 3724 1637 3785 tanquam
1650 3719 1684 3774 ab
1694 3719 1782 3776 alieno

996 3796 1781 3882 vivoiilio;necpatiarnureamdominariconccsssealiisgra·

995 3885 1117 3957 tiaeque
1126 3901 1201 3942 suam
1218 3890 1412 3946 custodirenon
1425 3895 1518 3963 potuit.
1529 3893 1582 3952 Sed
1595 3898 1645 3953 hoc
1654 3898 1779 3958 iaciamus

994 3973 1168 4031 defendentes
1182 3986 1261 4048 atque
1276 3981 1410 4037 cenantes
1423 3998 1475 4038 non
1488 3999 1571 4056 usque
1584 3988 1617 4043 ad
1634 3991 1779 4060 periculum

994 4066 1140 4122 divisionis.
1157 4067 1203 4123 llla
1217 4069 1288 4125 enim
1302 4074 1432 4128 sententia
1443 4073 1549 4144 judicis,
1562 4092 1621 4132 cunr
1632 4079 1711 4149 jussit
1721 4095 1781 4151 par·

994 4158 1087 4213 vulum
1101 4157 1194 4226 dividi,
1210 4175 1262 4214 non
1277 4169 1320 4216 est
1332 4163 1441 4218 unitatis
1455 4166 1586 4235 praecisio,
1598 4168 1645 4224 sed
1660 4170 1780 4240 probatio

993 4247 1140 4304 charitatis.
1154 4248 1307 4307 Salomonis
1318 4253 1388 4308 euim
1400 4266 1506 4321 nomen,
1517 4257 1586 4312 sicut
1599 4259 1685 4314 latim
1698 4262 1780 4319 inter·

994 4346 1140 4409 pretautur,
1152 4339 1292 4396 Pacilicum
1303 4350 1354 4398 est.
1367 4342 1424 4398 llex
1435 4360 1499 4400 vero
1510 4348 1635 4416 paciilcus
1649 4365 1703 4407 nou
1714 4353 1780 4409 dita-

992 4443 1066 4488 cerat
1084 4434 1219 4499 membra,
1239 4450 1298 4505 quae
1312 4437 1414 4494 unitate
1426 4447 1505 4509 atque
1516 4443 1658 4499 eoncordia
1672 4445 1778 4505 vitalem

994 4523 1115 4592 spiritum
1138 4526 1275 4580 continent
1295 4542 1303 4580 ε
1326 4526 1373 4582 sed
1398 4528 1523 4584 minando
1546 4529 1645 4586 irruervit
1666 4544 1777 4591 matrem

991 4623 1125 4678 veram,et
1134 4613 1277 4683 judicando
1289 4624 1394 4686 separat
1403 4616 1507 4674 salsam
1522 4621 1550 4676 Si
1563 4637 1627 4692 ergo
1638 4624 1671 4679 ad
1684 4624 1777 4696 hujus-

991 4702 1063 4758 modi
1087 4705 1260 4760 tentationem
1277 4718 1385 4763 ventum
1398 4708 1494 4775 luerit,
1508 4726 1543 4767 ne
1557 4714 1642 4768 unitas
1655 4714 1777 4771 christia-

992 4809 1034 4850 ne
1046 4795 1138 4866 gratiae
1150 4795 1304 4866 dividatur,
1324 4799 1454 4857 docemur
1469 4802 1573 4872 dicere,
1587 4805 1653 4860 Dare
1664 4808 1703 4861 ilii
1715 4825 1776 4879 pae-

991 4900 1058 4951 ram,
1072 4894 1169 4940 tantam
1180 4888 1252 4943 viam.
1265 4889 1324 4946 llon
1337 4893 1408 4946 enim
1421 4891 1549 4950 honorem
1564 4897 1665 4961 matris,
1675 4898 1722 4954 sed
1735 4916 1777 4954 sa-

991 4974 1072 5030 lutem
1086 4976 1133 5031 dlii
1146 5018 1154 5045 ,
1169 4993 1229 5047 quae
1249 4989 1334 5036 mater
1354 4996 1416 5036 vera
1430 4991 1471 5038 est
1491 4985 1594 5053 querit.
1613 4985 1777 5060 Ubicumque

991 5064 1037 5122 ille
1047 5064 1135 5133 fuerit,
1149 5067 1209 5139 plus
1218 5083 1278 5124 cum
1289 5071 1433 5140 possidebit
1443 5073 1545 5128 sincera
1555 5074 1662 5132 dilectio
1670 5081 1774 5149 matris,

989 5173 1069 5229 quarn
1082 5157 1156 5214 ialam
1169 5162 1314 5231 usurpatio.

1025 5249 1053 5304 5.
1075 5250 1161 5305 Altera
1180 5253 1288 5306 dnamm
1306 5254 1438 5310 mulierum
1453 5256 1611 5328 significatio.
1624 5260 1775 5320 ltemvideo

990 5339 1137 5408 significare
1151 5341 1215 5396 istas
1226 5342 1292 5397 duas
1307 5345 1431 5401 mulieres
1445 5350 1471 5402 in
1489 5363 1541 5404 urta
1552 5350 1649 5419 domo,
1662 5353 1715 5409 duo
1728 5371 1775 5424 ge

991 5443 1055 5484 nera
1069 5428 1205 5485 homiuum
1219 5431 1246 5485 in
1259 5449 1309 5488 una
1324 5435 1441 5494 Ecclesia
1455 5457 1463 5494 :
1476 5455 1556 5498 unum
1570 5458 1661 5500 eornrn
1675 5445 1702 5500 iu
1712 5447 1769 5517 quir

1024 5541 1032 5572 ¹
1045 5539 1255 5603 wlbertinustts,
1265 5543 1377 5597 audebat.
