3728 6276
198 353 242 402 tut
251 349 313 408 est,
326 341 431 398 sindus
442 345 500 404 est,
515 334 611 409 palmis
623 347 709 393 cesos
720 341 780 402 est,
794 331 905 390 allectus
917 346 983 390 con-

200 433 310 493 mnettt
323 439 472 504 sputorum,
484 428 567 500 spinis
575 435 718 483 coronatus
730 432 780 493 est,
792 423 864 495 ligno
874 417 987 494 snspen'·

200 540 249 584 εει
263 542 270 580 :
286 523 321 582 td
335 532 494 585 extremum,
509 518 615 575 Domini
625 517 713 574 exitus
725 516 828 572 mortis.
842 514 870 570 ln
880 514 987 570 Psalnm

199 617 328 688 scriptum
342 621 384 671 εει
397 612 436 686 (εἰ
449 610 661 667 acclamaverunt
671 607 715 678 qui
728 603 936 677 manaverunt),
952 601 988 658 Et

200 704 304 763 homst
319 705 400 761 enitare
411 702 499 757 mortis
511 697 597 774 (Psoi.
607 712 690 762 sxrtt,
701 695 759 770 et).
774 693 843 763 Quid
856 693 898 749 bic
909 706 985 765 ergo,

201 809 290 863 serre,
306 793 459 850 felicitatem
473 787 595 859 requiris,
608 786 653 842 ubi
669 793 695 841 ct
706 784 810 840 bomini
820 784 907 839 esitus
916 796 989 838 mor·

203 884 255 941 tisl
268 883 336 940 Cum
349 881 451 953 arguta
466 880 573 950 regione
582 893 635 933 non
646 890 693 932 sua
704 875 856 931 felicitatem
870 873 989 946 require-

202 987 244 1036 ret
257 977 318 1045 ille,
334 975 368 1033 de
380 989 434 1046 nuo
455 972 526 1043 ioqui
540 985 692 1040 ceperam,
707 978 734 1024 et
747 976 856 1040 propter
868 967 941 1023 illam
961 966 989 1022 ln

205 1064 517 1136 haesitandipisccndam
525 1061 659 1118 cohiberet
667 1060 704 1133 (ε)
713 1061 776 1127 beo,
782 1057 988 1129 eiqueserviret,

203 1166 232 1215 et
244 1157 303 1228 ejus
317 1163 463 1228 praecepta,
480 1162 510 1208 ut
521 1160 640 1223 poterat,
655 1151 769 1216 taocrct3
784 1148 910 1205 ridithnc
928 1163 988 1204 ma-

203 1264 295 1320 gnum,
305 1246 349 1303 vel
361 1260 411 1316 pro
421 1258 527 1315 magno,
546 1242 617 1314 quod
628 1242 765 1313 quaerebat
777 1256 792 1295 a
805 1239 871 1306 lieo,
882 1250 910 1295 et
927 1253 991 1310 pro·

204 1347 264 1411 pter
277 1337 348 1409 quod
362 1333 577 1399 bosserriebat,
591 1347 652 1389 esse
662 1331 731 1401 apud
744 1345 791 1387 eos
804 1331 849 1403 qui
863 1330 919 1386 lieo
937 1345 990 1386 nnn

205 1429 375 1496 serviebant,
389 1427 437 1484 sod
448 1426 578 1483 daemonia
598 1424 739 1492 colebant,
753 1432 781 1479 et
800 1437 891 1480 verum
907 1423 990 1479 Deum

208 1519 438 1592 blasphemabant.
452 1516 533 1584 vidit,
548 1525 576 1572 et
588 1523 737 1571 commotus
750 1521 801 1579 est,
815 1513 889 1584 quasi
903 1513 992 1585 perdi·

206 1611 289 1669 disset
300 1610 415 1667 {ructum
426 1606 525 1664 laboris
536 1605 588 1662 sui.
598 1605 654 1661 lloc
665 1603 887 1675 estquodselaait
896 1603 922 1658 in
932 1617 991 1674 per·

205 1701 350 1765 erroribus,
365 1713 457 1771 pacem
472 1703 639 1768 peccatorum
652 1695 767 1751 intuens.
779 1692 898 1764 maique
909 1692 991 1748 habes

206 1791 261 1858 tbi,
277 1790 342 1845 Ecce
359 1789 409 1861 ipsi
421 1796 562 1859 peccatores
571 1794 595 1841 et
609 1785 763 1840 abundantes
773 1785 801 1840 ia
814 1785 906 1840 werlo
925 1783 991 1839 obti-

206 1890 313 1938 ttttertatt
331 1880 440 1936 diuitias.
465 1876 599 1949 Numquid
618 1877 673 1932 siae
694 1891 772 1930 conso
788 1874 927 1947 justificari
949 1888 993 1929 eor

206 1987 301 2039 meum,
315 1980 359 2025 εει
370 1969 421 2025 loni
431 1969 496 2024 inter
506 1967 650 2022 inweeates
658 1980 749 2019 monus
761 1979 839 2031 mm,
854 1972 878 2018 et
891 1962 929 2033 fui
943 1964 994 2033 do-

206 2063 314 2136 peltatas
323 2070 376 2116 toto
389 2061 449 2115 dtel
461 2059 527 2115 coto
539 2057 633 2123 licum
646 2056 831 2126 blasphemant
842 2054 944 2111 ὓεεειε
961 2053 994 2108 il·

207 2152 241 2208 lis
255 2151 384 2216 felicitas,
399 2149 464 2204 milri
478 2149 630 2212 catamitum
645 2146 691 2202 ubi
703 2145 832 2219 aequitati
845 2143 908 2200 lade
926 2145 993 2201 moti

206 2241 307 2315 pedes,
322 2240 384 2297 inde
396 2254 465 2311 pene
476 2238 551 2294 eliusi
564 2250 690 2309 gressus,
703 2235 765 2292 inde
776 2234 938 2306 propinquus
950 2234 993 2289 itt·

206 2333 311 2390 teritus.
323 2328 390 2388 liam
402 2329 436 2386 ad
447 2328 518 2400 quod
537 2327 682 2398 periculum
694 2326 816 2392 venerit,
831 2324 919 2382 videto
933 2342 940 2380 ε
957 2324 993 2381 lbl

207 2425 261 2486 ait,
277 2422 311 2477 Et
325 2423 380 2477 disi
388 2460 396 2486 ,
413 2420 545 2488 Quomodo
562 2420 609 2474 seit
631 2417 716 2486 Dent,
731 2427 755 2472 et
768 2417 790 2472 ai
802 2427 838 2474 est
851 2417 954 2473 scientio
967 2418 994 2473 itt

208 2513 349 2570 ditissimo?
356 2511 451 2568 Videte
462 2509 495 2566 ad
503 2509 573 2581 quod
587 2508 734 2580 periculum
742 2508 995 2579 veneritqurerendo

169 2647 171 2650 .
207 2604 291 2660 olleo
311 2617 360 2673 pro
377 2614 474 2671 magno
492 2598 602 2671 praemio
616 2605 747 2654 terrenam
769 2597 932 2654 lelicitatem.
948 2597 994 2653 bt-

207 2693 274 2749 scite
284 2706 365 2762 ergo,
380 2688 546 2755 charissimi,
561 2702 621 2744 eam
634 2688 657 2742 si
670 2687 790 2752 habetis,
803 2695 993 2756 contemnere,

209 2798 260 2840 aec
272 2782 363 2839 dicere
375 2781 401 2836 in
416 2779 540 2836 cordibus
550 2778 663 2844 restris,
677 2776 735 2850 ligo
746 2778 807 2848 quia
818 2777 879 2834 colo
891 2777 992 2846 beuta,

208 2875 270 2933 ideo
281 2874 350 2931 benc
362 2880 404 2928 εει
414 2870 490 2927 mihi.
505 2867 613 2926 videbis
624 2869 713 2934 enim,
727 2882 781 2940 quo
792 2868 872 2924 modo
884 2868 932 2924 tibi
945 2884 994 2939 pu-

207 2977 250 3026 tas
260 2967 348 3032 bane,
363 2973 392 3022 ει
400 2964 453 3020 illis
464 2962 511 3034 qui
524 2977 576 3017 non
588 2961 679 3017 colunt
690 2960 773 3017 ὓεειε
791 2975 852 3017 εεεε
865 2960 952 3026 bene;
968 2969 996 3018 ει

207 3061 385 3120 atterebantur
393 3073 500 3128 gressus
512 3055 560 3112 tui.
574 3059 627 3112 hut
635 3055 706 3112 enim
716 3054 799 3111 habos
811 3055 893 3121 illam,
903 3056 995 3111 colens

208 3155 303 3219 licum
318 3160 346 3208 et
355 3149 456 3207 ridebis
467 3147 537 3221 quod
550 3148 645 3204 habeat
658 3146 719 3202 talia
732 3160 784 3202 non
798 3146 889 3202 colens
900 3145 993 3213 hauan

208 3255 237 3303 et
247 3245 308 3302 iden
318 3242 422 3316 putabis
433 3240 532 3298 trustra
544 3248 570 3297 te
581 3239 670 3295 colere
680 3238 774 3305 licum
782 3238 844 3309 quia
856 3248 884 3293 et
896 3238 940 3294 ille
949 3237 997 3292 ha·

208 3338 255 3394 bet
265 3336 416 3392 lelicitatem
425 3333 470 3405 qui
483 3347 537 3388 nott
550 3331 616 3387 colit
627 3330 710 3387 mum
723 3348 731 3386 ε
744 3339 790 3386 aut
802 3345 855 3387 nou
868 3331 939 3386 illam
950 3329 996 3385 ha·

209 3430 273 3496 bes,
288 3437 315 3486 et
329 3428 413 3484 multo
426 3425 539 3495 amplius
552 3425 636 3481 Deum
647 3422 804 3490 accusabis,
820 3424 864 3495 qul
878 3423 924 3479 dat
936 3439 995 3487 eam

209 3525 465 3599 blasphematoribus
478 3522 533 3578 suis
545 3563 552 3586 ,
569 3529 596 3577 et
608 3531 687 3592 negat
704 3519 850 3575 cultoribus
863 3520 929 3574 suis.
950 3519 996 3573 lii-

209 3620 347 3689 sciteergo
359 3624 449 3672 tenera
461 3624 643 3675 contemnere,
653 3613 676 3667 si
686 3611 764 3667 vultis
775 3610 830 3667 [leo
839 3611 908 3667 fideli
916 3612 997 3668 corde

211 3711 321 3767 serviro.
330 3709 418 3764 llabes
427 3706 498 3760 illam
507 3706 519 3759 l
528 3703 583 3760 unii
594 3711 686 3774 putare
699 3701 760 3758 inde
773 3710 799 3757 te
811 3716 871 3758 csse
880 3702 995 3765 bonum:

211 3802 259 3858 sed
272 3801 313 3857 lac
324 3808 351 3855 te
363 3799 424 3854 inde
436 3797 545 3852 bunum.
564 3794 621 3850 Nou
637 3794 737 3850 ltabesi
751 3794 804 3849 ttoli
816 3802 909 3864 putare
936 3791 998 3848 inde

212 3901 307 3949 teesse
317 3889 432 3953 malum;
447 3888 494 3944 sed
507 3901 571 3943 cate
585 3885 694 3950 malum,
704 3900 756 3957 quo
766 3886 996 3942 nonueaitbonus.

249 3984 276 4040 5.
288 3981 409 4037 Felicitas
417 3991 440 4035 et
453 3993 567 4033 coerceto
576 3976 631 4032 Deo
642 3993 758 4045 pomosa
767 3977 944 4047 exspectando.
953 3977 999 4031 Et·

213 4075 285 4131 enim
300 4073 350 4129 iste
357 4071 527 4141 resipiscens,
536 4076 565 4124 ει
571 4066 769 4139 reprehendens
778 4081 808 4122 se
820 4068 916 4138 ipsum,
927 4067 998 4137 quod

212 4157 1000 4235 malecoepcratdebeosentirc,anbelanspercator,etpa-

115 4229 128 4259 ⁰
213 4247 998 4324 ectriintuenspeooatorumrreprebendcusergoseipsum,

213 4347 259 4412 ait,
281 4343 350 4412 Quid
374 4342 439 4397 enim
455 4340 518 4394 mitri
541 4346 578 4396 ert
597 4338 625 4393 itt
647 4335 720 4402 celo,
744 4347 772 4393 et
787 4354 804 4393 o
819 4348 844 4393 te
860 4338 920 4410 qaid
933 4336 1000 4394 notui

212 4450 289 4508 cuper
312 4445 405 4488 terram
428 4429 513 4504 (Ptol.
533 4444 617 4497 urxtt,
641 4427 809 4500 william
830 4429 998 4500 resipiscam,

212 4525 267 4595 iam
288 4530 409 4579 correcta
429 4519 520 4586 corde,
535 4518 643 4590 agnouit
666 4525 793 4589 qnantum
815 4517 901 4574 valeat
914 4518 1001 4574 cultus

216 4617 261 4672 liei
276 4633 283 4670 :
297 4629 377 4687 quem
402 4614 449 4669 lici
473 4613 573 4667 cultum
597 4611 725 4666 vilissimo
751 4610 836 4681 pretio
852 4610 999 4677 addixerat,

214 4707 320 4779 quattdo
348 4720 396 4776 pro
432 4704 478 4758 illo
503 4712 636 4757 terrenam
669 4700 820 4756 felicitatem
854 4701 1000 4770 querebat.

215 4797 329 4871 Agnovit
342 4795 404 4867 quid
417 4793 545 4849 debeatur
557 4805 661 4847 sursum
674 4791 820 4847 cultoribus
833 4790 891 4856 liei,
904 4791 947 4846 ubi
959 4790 1002 4862 lu-

216 4891 312 4946 berner
322 4888 421 4944 babere
440 4899 489 4942 cor
507 4893 535 4939 et
555 4883 748 4954 respondemus
768 4883 803 4938 ibi
818 4899 868 4940 uns
883 4883 1002 4939 haberer

215 4982 287 5053 qnod
311 4991 339 5036 et
359 4979 459 5036 utinam
484 4991 537 5032 non
556 4976 725 5041 mentiamur,
750 4978 845 5031 saltem
859 4975 1002 5045 ipsabora,

215 5076 309 5130 saltem
324 5074 382 5143 ipsc
402 5076 549 5134 momento,
573 5067 667 5122 saltem
687 5067 745 5138 ipso
760 5065 1002 5136 temporispuncto,

216 5163 324 5233 nunnus
344 5161 545 5233 respondemus.
574 5158 727 5227 llespicieus
750 5170 813 5226 erga
837 5157 890 5220 ille,
912 5164 940 5211 et
958 5170 1005 5211 cor

220 5254 367 5323 corrigens,
380 5248 551 5322 reprehendit
561 5261 591 5302 se
599 5246 727 5316 quesisse
742 5245 883 5315 aliquando
895 5245 921 5299 in
933 5254 1005 5300 terra

220 5343 374 5401 lelioitatem
397 5350 540 5406 terrenam,
563 5337 639 5409 quasi
661 5335 811 5391 mercedem
835 5335 921 5390 cultus
947 5335 1003 5390 liei.

222 5523 291 5594 Quid
304 5531 348 5579 cst
359 5521 396 5578 ibi
413 5521 499 5576 mihil
512 5519 570 5574 lita
583 5527 690 5583 artemo,
705 5517 882 5588 incorruptio,
895 5531 1006 5590 regnum

249 5634 290 5693 tot
299 5636 379 5693 rete,
389 5629 530 5691 wast,
541 5626 594 5691 tel,
602 5624 716 5691 obediret.

812 222 842 281 S.
861 219 1041 279 ubuus'ltttt
1061 219 1211 278 EPlSCOPl

1039 346 1100 388 cam
1113 332 1229 401 christo,
1250 333 1364 391 societas
1382 333 1561 408 Angelorum
1574 335 1620 394 nbi
1632 334 1704 393 nulla
1716 344 1822 410 persor·

1039 421 1123 490 batlo,
1137 423 1209 478 nulla
1221 423 1379 495 ignorantia,
1393 426 1494 483 nnllam
1505 426 1663 499 pericnlum,
1677 427 1750 484 nulls
1762 434 1824 484 tan·

1039 512 1119 581 tatlo;
1132 528 1204 579 scra,
1218 524 1301 581 cerm,
1315 515 1366 573 lisa
1389 517 1612 575 montaneae
1627 517 1690 590 qnid
1707 516 1774 574 mibi
1785 524 1826 574 est

1039 603 1156 662 lnooelo.
1171 604 1206 660 ttt
1228 622 1245 661 o
1267 614 1292 662 te
1308 607 1370 678 qnid
1390 608 1458 664 uolui
1468 624 1545 678 seper
1560 610 1706 665 terromlll
1721 610 1823 682 tequld

1039 694 1111 751 notui
1125 706 1207 767 sopor
1223 703 1322 754 terram
1334 697 1347 754 l
1359 697 1423 770 quitl
1442 699 1533 756 voluit
1546 700 1655 757 biritias
1669 700 1766 765 buras,
1777 716 1825 758 ra·

1039 783 1132 854 ducos,
1145 784 1284 845 volaticas.
1293 787 1362 856 Quid
1375 789 1586 859 roluilbumm,
1596 792 1725 862 pallorem
1734 799 1824 860 terraer

1040 887 1189 949 arpentum,
1199 881 1311 938 livorem
1324 891 1416 949 terre;
1428 885 1566 953 honorem,
1577 884 1825 957 temporisluntunr.

1040 967 1110 1026 Ecce
1119 970 1209 1040 quida
1231 979 1258 1029 te
1270 973 1341 1030 nolui
1355 988 1436 1046 super
1448 983 1558 1032 terram.
1582 976 1616 1032 Et
1634 976 1696 1048 quia
1708 975 1764 1033 eidi
1776 976 1826 1034 hoe

1040 1058 1068 1114 in
1089 1060 1283 1130 peccatoribus,
1302 1064 1427 1121 commoti
1446 1073 1508 1121 sunt
1528 1066 1610 1136 pedes
1626 1067 1689 1132 mei,
1710 1075 1738 1123 et
1750 1066 1828 1139 ptnlo

1040 1149 1129 1206 minus
1151 1150 1228 1208 edusl
1249 1162 1312 1209 sunt
1334 1169 1440 1226 grossus
1458 1155 1521 1211 mei.
1545 1156 1569 1212 0
1589 1171 1667 1227 quam
1681 1156 1769 1212 boans
1787 1166 1827 1214 est

1040 1241 1121 1297 rectis
1134 1242 1234 1299 comet
1256 1243 1324 1311 Quid
1345 1260 1410 1316 ergo
1432 1248 1539 1316 quaeris,
1561 1247 1694 1318 Propheta
1718 1246 1828 1304 tidelis?

1041 1331 1155 1396 Aurum,
1168 1341 1196 1387 et
1207 1342 1356 1404 argentum,
1370 1344 1399 1391 et
1409 1335 1515 1392 divitias
1531 1338 1667 1395 terrenas?
1678 1339 1749 1410 Ergo
1760 1336 1825 1395 tanti

1042 1420 1113 1476 valet
1125 1420 1192 1479 tides
1201 1431 1329 1480 matrone
1341 1423 1438 1494 fidelis,
1452 1427 1523 1498 quod
1537 1427 1655 1485 habetet
1672 1429 1800 1485 meretrix
1813 1428 1826 1485 i

1042 1510 1120 1567 Tanti
1131 1526 1196 1582 erge
1208 1514 1279 1570 valet
1289 1514 1356 1571 tides
1369 1515 1418 1571 riri
1436 1516 1530 1586 tidelis,
1550 1518 1619 1589 quod
1634 1517 1715 1576 habet
1731 1528 1761 1575 ot
1773 1519 1824 1575 tul·

1042 1618 1113 1671 mus,
1127 1605 1230 1675 auriga,
1240 1614 1361 1672 venator,
1376 1606 1463 1664 latrol
1476 1607 1561 1673 Absit,
1573 1606 1668 1665 iratres
1678 1607 1742 1676 mel,
1757 1609 1827 1668 abac

1042 1703 1072 1750 ut
1084 1695 1150 1751 tanti
1161 1696 1248 1752 rateat
1261 1697 1327 1754 tides
1337 1707 1436 1756 vestra.
1453 1700 1640 1758 tvemtbeus
1649 1701 1725 1758 hocs
1739 1701 1828 1759 cordi·

1042 1785 1094 1842 bns
1106 1787 1212 1844 restris.
1225 1787 1292 1844 Nam
1305 1791 1396 1861 quanti
1414 1792 1492 1858 valet,
1510 1792 1589 1849 mltis
1602 1794 1700 1850 nosset
1718 1793 1772 1852 Pro
1795 1806 1827 1855 ιι

1042 1873 1163 1933 Christus
1176 1887 1297 1935 mortuus
1310 1889 1361 1936 εει.
1374 1879 1443 1949 Quid
1456 1896 1520 1952 ergo
1533 1890 1665 1939 terrenam
1675 1882 1826 1941 merodn

1043 1967 1157 2037 queris,
1185 1985 1251 2025 auru
1273 1978 1300 2026 ct
1320 1972 1435 2028 nummis
1456 1973 1594 2030 addictusl
1615 1966 1741 2047 injuriam
1764 1974 1828 2035 bela

1045 2056 1119 2126 lidei,
1146 2073 1194 2129 pro
1216 2074 1269 2131 pua
1293 2072 1414 2120 mortuus
1426 2071 1469 2119 est
1485 2064 1616 2122 Christus.
1632 2066 1667 2123 lit
1680 2067 1744 2139 quid
1769 2075 1825 2137 aa,

1044 2145 1150 2219 inquiti
1172 2151 1264 2220 quanti
1286 2151 1377 2208 caleti
1398 2152 1476 2209 lllttm
1493 2155 1609 2221 attende,
1632 2157 1677 2227 qul
1695 2157 1743 2226 sit,
1761 2156 1829 2226 Qu!

1045 2240 1112 2295 rainu
1130 2241 1194 2295 milti
1207 2242 1281 2297 estitt
1294 2243 1357 2299 ecto
1369 2243 1382 2298 i
1393 2242 1452 2300 Non
1463 2246 1534 2300 enim
1546 2245 1678 2316 esprmsit
1690 2246 1756 2318 quid
1778 2248 1827 2305 ortt

1044 2330 1119 2386 illud.
1132 2331 1177 2388 stc
1187 2332 1235 2397 ait,
1250 2331 1285 2388 Et
1306 2343 1360 2389 uta
1380 2335 1442 2406 ottid
1462 2336 1530 2391 notui
1549 2355 1624 2410 super
1635 2339 1750 2394 terram?
1762 2338 1828 2396 Illud
1861 2358 1863 2377 =

1045 2420 1192 2489 laudando,
1217 2423 1268 2479 boc
1287 2423 1445 2494 abjiciendo,
1472 2437 1613 2498 utrumque
1632 2436 1721 2485 umen
1745 2429 1828 2499 dixit,
1861 2464 1863 2469 ·

1045 2511 1114 2580 Quid
1130 2521 1173 2570 est
1186 2513 1268 2570 ittutlt
1281 2513 1356 2582 Quod
1368 2516 1461 2572 oculus
1475 2533 1527 2573 non
1542 2518 1615 2574 sidit.
1630 2517 1698 2588 Quid
1712 2518 1830 2577 collucet
1861 2530 1863 2537 ·

1045 2603 1123 2673 Quod
1142 2604 1230 2661 tidelis
1252 2607 1346 2663 oculus
1365 2621 1418 2662 nna
1433 2608 1499 2663 sitit.
1514 2609 1583 2678 Quid
1602 2617 1644 2667 est
1657 2608 1830 2679 illudiand
1861 2622 1863 2651 ¹

1046 2695 1148 2752 invenit
1167 2696 1281 2754 basams
1301 2699 1449 2755 ulcerosus
1470 2701 1538 2769 Quid
1556 2710 1598 2757 est
1611 2702 1769 2770 hoelQuod
1782 2702 1829 2761 lta·
1860 2704 1863 2743 l

1045 2787 1105 2844 bnit
1114 2787 1189 2845 dines
1202 2789 1317 2848 intiattts.
1331 2789 1398 2858 Quid
1421 2800 1464 2848 est
1478 2793 1560 2849 ittuut
1580 2794 1656 2862 Quod
1667 2797 1765 2867 ,perire
1778 2810 1829 2853 εει
1860 2812 1863 2835 ³

1047 2889 1143 2951 potest.
1154 2881 1223 2951 Quid
1235 2893 1277 2939 est
1297 2882 1367 2940 boct
1388 2885 1465 2953 Quod
1488 2888 1571 2943 teneri
1584 2902 1636 2943 non
1651 2896 1748 2959 potest.
1763 2888 1829 2960 Quid
1859 2898 1863 2927 ¹

1045 2980 1088 3027 est
1098 2972 1179 3028 illudi
1191 2973 1241 3030 Ubi
1254 2990 1308 3030 nort
1317 2975 1368 3032 erit
1380 2976 1464 3033 labor.
1475 2977 1543 3045 Quid
1554 2988 1595 3035 est
1608 2980 1677 3036 hoel
1689 2980 1767 3049 Quod
1779 2996 1829 3038 nor

1046 3062 1147 3121 deserit
1160 3065 1248 3122 timor.
1263 3067 1332 3133 Quid
1344 3070 1411 3124 enim
1421 3069 1483 3124 adiri
1494 3071 1566 3126 estin
1577 3071 1638 3126 otelo
1651 3071 1664 3126 l
1675 3071 1763 3141 Quid?
1774 3071 1831 3145 ips
1860 3088 1863 3135 t

1046 3154 1092 3225 qui
1105 3153 1168 3211 iecit
1186 3157 1302 3224 omium
1317 3160 1431 3229 pretium
1451 3159 1514 3217 lldel
1528 3168 1580 3216 turo
1599 3161 1671 3217 Deus
1689 3170 1753 3219 tuus
1773 3170 1828 3230 est;
1860 3190 1863 3229 ι

1051 3243 1138 3315 ipsum
1150 3245 1270 3311 habebis,
1286 3261 1316 3303 so
1328 3248 1414 3318 ipsum
1428 3259 1558 3320 preparat
1569 3251 1708 3320 praemium
1722 3252 1830 3311 cultori·
1860 3280 1863 3319 ι

1049 3335 1099 3391 bus
1111 3336 1177 3391 suis.
1190 3337 1372 3404 Considerate,
1384 3340 1544 3408 charissimi,
1565 3343 1715 3398 universam
1726 3353 1830 3403 meatu
1860 3392 1863 3411 .

1048 3442 1117 3494 ram,
1138 3427 1246 3496 emittm,
1267 3437 1376 3498 terram,
1396 3447 1480 3500 mare,
1508 3449 1566 3504 quae
1588 3435 1615 3490 in
1632 3436 1712 3501 coelo,
1734 3438 1863 3509 outeh'

1049 3522 1129 3582 terra,
1143 3518 1239 3587 quaein
1254 3520 1331 3588 mari,
1344 3536 1423 3592 quam
1437 3522 1556 3592 pulchra,
1568 3539 1647 3595 quam
1662 3527 1739 3594 mira,
1754 3514 1841 3600 tettanz
1859 3572 1863 3620 Ι

1049 3605 1127 3677 digne
1138 3608 1310 3680 ordinateque
1322 3610 1461 3682 disposita.
1473 3613 1577 3669 liorem
1589 3630 1635 3671 t'os
1646 3617 1695 3672 ista
1705 3618 1718 3673 i
1729 3616 1841 3677 llttvoai2
1854 3620 1863 3705 ’ᾖ

1050 3698 1137 3767 pitane.
1151 3697 1255 3767 Quare?
1267 3701 1333 3769 Quia
1347 3703 1456 3772 pulcltra
1470 3714 1542 3759 sunt.
1555 3704 1623 3773 Quid
1637 3718 1679 3764 est
1695 3710 1740 3780 qui
1752 3706 1841 3767 leiti·
1859 3736 1863 3785 ς

1050 3787 1118 3845 Ρυιε
1132 3790 1353 3860 rehebesceretis,
1364 3794 1387 3849 si
1399 3793 1526 3850 rideretis
1538 3797 1761 3866 pulchritudinem
1777 3784 1841 3859 Δι’
1861 3788 1863 3799 ’

1049 3879 1177 3949 gaiorum.
1190 3880 1262 3949 Quid
1273 3891 1315 3937 cst
1326 3897 1390 3954 ergo
1403 3892 1508 3939 creator
1521 3886 1705 3955 singolorum?
1724 3888 1784 3958 lpse
1794 3896 1833 3947 αι

1050 3970 1187 4040 praemium
1200 3971 1260 4027 ildei
1274 3981 1379 4028 vestrm.
1400 3973 1490 4040 Avari,
1517 3974 1667 4045 quidnobis
1687 3976 1852 4045 snlhcittl'

1050 4063 1120 4129 lieus
1131 4061 1187 4133 ipse
1197 4079 1249 4118 nort
1261 4063 1337 4119 vobis
1348 4063 1466 4120 sulhciti

1085 4154 1112 4212 ε.
1127 4154 1169 4209 aa
1180 4156 1241 4210 oeae
1260 4155 1391 4210 tantm
1402 4158 1554 4227 matram
1568 4144 1842 4230 peantium*

1052 4261 1118 4300 εεε.
1135 4246 1207 4303 Bene
1228 4262 1292 4318 ergo
1305 4248 1474 4316 etiamtiam
1495 4258 1524 4305 ut
1536 4249 1587 4305 boc
1611 4253 1755 4321 pessimus,
1774 4256 1843 4311 eun*

1052 4336 1158 4408 quiboc
1172 4342 1306 4409 praecepit,
1320 4339 1482 4396 invocemus.
1507 4340 1599 4412 Neque
1614 4342 1690 4398 bonae
1701 4343 1764 4400 vita
1785 4320 1844 4402 ss¹¹

1052 4436 1115 4484 strtc
1128 4438 1260 4485 terrenam
1274 4429 1423 4485 mercedem
1438 4445 1453 4485 a
1466 4431 1579 4486 Domino
1592 4432 1772 4502 requiramus.
1794 4428 1845 4493 Μ’

1054 4520 1098 4578 tila
1110 4536 1169 4592 quas
1180 4521 1379 4590 promittuntur,
1390 4520 1561 4578 intentionem
1576 4532 1693 4578 nostram
1707 4508 1846 4587 exten&

1053 4625 1122 4666 mus.
1143 4611 1196 4666 cor
1213 4620 1333 4665 nostram
1356 4611 1392 4665 ihi
1407 4625 1545 4681 ponamus,
1557 4612 1602 4666 uhi
1618 4621 1773 4682 putrescere
1784 4606 1846 4689 nrt?

1054 4711 1141 4774 potest
1152 4702 1320 4757 rectioribus
1342 4703 1423 4757 curis.
1438 4702 1588 4760 Transeunt
1609 4704 1659 4759 ista
1677 4719 1738 4776 qnae
1758 4698 1844 4765 oens?

1055 4803 1119 4865 pont
1144 4793 1276 4861 homiues,
1297 4793 1387 4848 rolant
1409 4794 1478 4860 ista3
1504 4809 1587 4866 uapor
1597 4807 1639 4850 cst
1655 4796 1708 4851 rita
1724 4788 1846 4855 huma!l

1056 4900 1137 4955 super
1149 4893 1257 4938 terram.
1269 4883 1403 4940 heoetluut
1415 4886 1494 4940 etiam
1508 4885 1590 4956 ipsius
1604 4885 1703 4957 fragilis
1711 4884 1853 4969 viteffl

1056 4984 1082 5030 tu
1095 4985 1123 5030 et
1135 4983 1187 5028 tam
1198 4973 1349 5044 quotidiana
1363 4975 1487 5044 pericula.
1503 4976 1593 5030 lerrm
1603 4985 1690 5032 motus
1702 4976 1795 5050 magni
1806 4968 1857 5039 U

1057 5063 1232 5120 Orietrtalibus
1244 5065 1412 5132 nuntiatttur;
1428 5065 1562 5121 nonnullae
1581 5081 1683 5136 utagnte
1695 5040 1854 5138 repentest·-

1057 5157 1181 5226 eailapsar
1194 5155 1231 5228 (o)
1246 5167 1309 5212 sunt
1326 5158 1457 5213 civitates.
1471 5158 1641 5229 Territiapud
1650 5144 1857 5241 lerosolynffl,

1059 5247 1103 5317 otti
1113 5249 1214 5302 inerant
1233 5247 1328 5312 ludaei,
1346 5247 1453 5318 Pagani,
1468 5249 1661 5309 catechumeni,
1674 5263 1769 5307 omncs
1781 5224 1851 5309 d

1059 5339 1193 5409 baptizati.
1215 5339 1342 5394 llicrtntnr
1364 5337 1475 5393 tortasse
1496 5339 1620 5408 baptizati
1641 5348 1743 5411 septem
1760 5338 1850 5401 ΝΗ

221 5434 276 5492 sni
288 5431 487 5504 reprebendens
499 5445 529 5486 se
543 5429 589 5496 ait,
606 5428 673 5495 Quid
689 5428 755 5482 enim
768 5427 831 5481 mihi
842 5426 913 5482 estin
922 5427 1007 5483 corto!
1059 5429 1207 5485 hominum.
1233 5429 1342 5498 Signum
1368 5427 1465 5482 Christi
1492 5428 1517 5483 in
1544 5430 1662 5486 uestibus
1688 5431 1854 5497 tutuom'

1060 5518 1252 5588 baptisatorum
1265 5517 1394 5587 apparuit.
1409 5516 1502 5574 liciata
1516 5517 1626 5576 fratrum
1643 5520 1762 5580 bdelium
1777 5536 1858 5583 ωε

1093 5632 1209 5691 (nitoris
1220 5626 1458 5688 uidendumrttt'nts.
1589 5605 1595 5614 ¹
1823 5608 1857 5643 “¹
