3728 6276
721 260 836 323 sunno
852 256 977 320 cxcvii
1595 268 1664 326 iuss

142 401 205 444 uera
228 383 366 443 ltomiuum
389 366 433 441 hic
457 391 519 440 suot
537 383 557 449 ¹,
572 378 716 438 dtrnsusni
730 388 758 435 et
771 374 820 434 iu·
872 377 928 442 eim
945 376 1307 451 sirtrsstdiaiuitas.iltinue
1320 380 1508 451 subaudimus,
1525 383 1680 442 intellectu·

142 480 245 535 uliant
263 477 307 534 illa
327 491 387 549 mnas
418 473 475 532 odit
494 474 564 531 Deus
579 491 586 531 z
599 487 647 546 per
667 473 754 528 lusum
779 469 822 527 ln·
872 470 1044 541 conspicitur.
1059 471 1196 529 Curenim
1210 473 1440 547 attendutopera‚
1453 485 1546 534 etnou
1560 490 1663 549 qtmrat

149 586 200 645 per
221 569 313 644 ῇοιιιιιι
336 568 502 648 improbitas.
521 566 580 623 Nou
594 565 646 623 sibi
658 564 754 622 iaciant
768 563 820 620 lua·
872 559 1019 616 artitleemi
1038 560 1163 618 attendis
1185 570 1283 619 terram
1306 562 1528 633 lructillcantem,
1547 568 1662 624 stteudls

142 661 249 730 rdine,
260 676 296 718 rte
307 659 415 717 veniant
428 658 455 714 in
467 672 561 713 manus
573 655 630 714 ueri
641 654 752 712 iudicis.
765 655 821 709 riu-
871 665 945 706 mare
954 651 1062 722 plenum
1073 653 1231 710 animalibus
1242 655 1308 725 suis,
1320 657 1435 713 attendis
1447 673 1537 715 aereru
1552 659 1676 730 plenum·

142 753 259 811 mistiam
271 752 352 820 estis,
362 752 482 808 membra
497 749 596 807 Christi
609 749 684 804 estis.
699 747 820 819 Cogitate
871 740 1039 811 volatilibus,
1052 743 1168 800 attendis
1177 744 1274 802 coelum
1285 745 1387 817 lulgere
1397 748 1497 813 stellis.
1511 760 1539 805 et
1551 758 1661 808 retem.

142 847 192 910 ds,
204 844 320 917 eugitste
341 842 432 915 quanti
455 840 537 911 empti
557 841 633 896 estis.
644 839 783 896 Postremo
796 837 820 893 si
843 864 847 873 ·
871 843 899 888 ct
912 848 967 888 non
978 834 1076 905 muteris
1089 835 1154 891 tanti
1164 838 1254 908 operis
1267 837 1418 895 artificem?
1427 840 1479 896 Sed
1494 840 1561 897 dicis
1575 843 1639 898 milti
1660 849 1668 885 ἓ

142 950 199 1011 aare
221 933 286 1008 quid
306 933 393 990 facitis
405 949 413 988 :
425 947 475 1003 epo
494 932 534 989 eis
551 930 627 998 diuo,
643 929 689 1001 qui
708 928 819 984 iaciunt
871 921 923 978 lsta
937 923 1025 986 rideo.
1040 924 1115 980 iilum
1129 941 1182 982 uon
1195 927 1284 984 rideo.
1298 927 1340 983 sd
1353 929 1402 984 ista
1414 930 1527 987 ridenda
1539 932 1645 1003 corpori
1657 946 1671 983 s

142 1024 165 1085 d
185 1026 310 1097 iujuriam
324 1033 439 1082 uestram
452 1022 569 1090 reicere,
582 1021 679 1094 quibus
700 1021 750 1077 ista
762 1019 820 1076 dis·
870 1015 1160 1085 mortuummare
1178 1017 1322 1075 ridendum
1335 1030 1452 1077 mentem
1471 1023 1555 1079 dedit.
1570 1024 1668 1097 lienus

141 1120 203 1177 :sis
212 1118 274 1176 dico
283 1118 328 1190 qui
340 1117 450 1182 iaciunt,
460 1124 488 1173 et
497 1116 593 1187 quibus
605 1113 721 1185 placent.
734 1110 821 1168 Vultis
871 1107 942 1165 enirn
956 1117 984 1167 et
997 1110 1113 1167 antimum
1133 1110 1251 1169 hominis
1263 1113 1347 1170 rides.
1360 1114 1434 1172 Sicut
1452 1132 1516 1189 ergo
1527 1133 1560 1175 ex
1580 1120 1661 1177 muti-

142 1210 188 1267 aid
201 1208 307 1276 facitis,
323 1217 351 1265 et
363 1208 469 1280 qualem
484 1207 617 1263 tristitiam
632 1205 709 1262 nubis
722 1204 822 1276 ingeri-
870 1197 922 1256 bns
935 1207 963 1255 et
981 1200 1212 1258 administratione
1225 1204 1347 1275 eorporis
1366 1206 1500 1271 animam,
1514 1223 1592 1279 quam
1606 1225 1660 1266 uon

142 1303 207 1361 istut
221 1301 286 1358 illud
298 1300 383 1357 iudei
394 1299 423 1354 ’i
432 1299 481 1356 Vel
490 1299 529 1355 sic
541 1297 707 1364 erubescite.
718 1312 752 1353 ne
762 1300 818 1352 ilat.
870 1287 954 1356 rides,
969 1291 1092 1364 intelligis
1105 1294 1161 1350 :sic
1171 1308 1204 1350 cs
1215 1295 1446 1355 administratione
1460 1300 1542 1356 totins
1553 1302 1656 1368 muudi,

142 1392 249 1460 oannis,
264 1389 292 1447 id
303 1399 417 1446 estante
428 1387 650 1461 sexmensesitnt
660 1387 732 1444 enim
744 1401 821 1442 meu·
871 1387 898 1436 ei
910 1395 942 1436 e!
956 1381 1085 1452 regimine
1100 1382 1216 1454 ipsarum
1238 1385 1387 1442 animarum
1406 1389 1524 1461 intellige
1545 1389 1658 1448 Creato-

142 1495 198 1541 ras
212 1480 313 1539 habeut
332 1496 421 1555 praeco
434 1489 462 1537 et
480 1478 592 1554 ludex),
605 1478 640 1535 de
651 1477 821 1535 solemnitate
870 1484 939 1525 rem.
961 1469 1014 1528 Sed
1035 1488 1127 1542 pamm
1149 1483 1191 1530 est
1211 1474 1369 1548 intelligere.
1382 1476 1449 1533 Nam
1463 1480 1500 1536 illi
1521 1481 1656 1538 intelleae

142 1570 504 1643 uiusapagsnaicltristiaui
516 1570 634 1626 admure
646 1569 822 1625 veniebantet
870 1570 947 1629 [unu
960 1571 986 1620 ei
1005 1562 1065 1621 tide
1083 1564 1146 1636 quid
1169 1566 1207 1622 ait
1229 1567 1372 1638 Apostolus
1386 1587 1393 1624 :
1409 1569 1474 1637 Quia
1485 1584 1661 1642 connascentes

142 1662 294 1735 nptiaalsant.
308 1660 413 1719 Absens
424 1676 516 1718 eram:
530 1661 594 1725 sed.
609 1660 679 1716 sicut
689 1658 819 1731 comperi,
870 1653 970 1725 ann,
984 1673 1034 1713 non
1055 1657 1121 1713 sicru
1141 1657 1225 1714 Deum
1245 1660 1483 1731 mendicaverunt,
1500 1672 1544 1717 ont
1561 1666 1657 1736 prosim

142 1753 268 1825 eiplism
289 1750 500 1809 Christianorum
522 1751 670 1823 presbyteri
689 1749 819 1821 permoti,
871 1746 1050 1817 samartani
1062 1749 1252 1803 monserantur
1263 1750 1453 1821 continuanium
1462 1753 1524 1820 suis,
1535 1762 1559 1807 et
1571 1753 1662 1809 aises·

142 1858 188 1898 sm
208 1840 317 1913 diguam
331 1849 359 1897 et
370 1841 577 1897 ecclesiasticam
590 1840 756 1909 disciplinam
770 1838 819 1896 de·
871 1845 954 1891 ratum
963 1837 1130 1908 estinsipiens
1141 1854 1290 1894 corsorum.
1301 1839 1360 1907 Quo
1373 1843 1487 1908 merito,
1502 1841 1552 1898 nisi
1563 1857 1660 1914 super·

159 1931 393 1990 ssurmuranernnt
412 1931 474 1987 inde
495 1930 635 1998 homiues,
650 1937 679 1986 et
697 1928 821 1986 dixerunt
871 1926 1097 1984 stellionum
1116 1929 1254 1999 sequentia
1268 1946 1275 1982 :
1290 1929 1407 1986 Dicentes
1418 1948 1507 1988 seesse
1518 1934 1657 2006 sapientes.

146 2022 300 2093 :mentum
314 2030 373 2079 erat
385 2030 414 2078 nt
432 2022 593 2079 indicaretur
606 2021 703 2078 nobisi
716 2018 745 2077 Si
757 2029 820 2076 aute
871 2018 944 2074 stulti
966 2018 1029 2088 perti
1051 2029 1119 2075 suns.
1141 2020 1199 2076 Nou
1222 2021 1293 2078 enim
1308 2020 1441 2078 debebant
1462 2023 1514 2082 sibi
1533 2039 1660 2096 arrugara

142 2128 265 2181 tercsuur,
280 2128 334 2169 nou
348 2112 507 2170 laceremus.
525 2111 578 2184 lpsi
600 2111 822 2184 praemonuissent
871 2108 942 2179 quod
956 2108 1000 2163 ille
1011 2108 1171 2175 donaverat¹
1188 2124 1238 2166 nec
1251 2110 1395 2181 rejectare
1415 2127 1449 2169 cx
1469 2128 1502 2169 co
1520 2114 1591 2185 quud
1604 2131 1658 2172 non

142 2204 195 2269 eri,
207 2220 262 2262 nou
275 2203 443 2261 fecissemus.
460 2201 530 2272 lione
543 2202 685 2274 episcopus
704 2217 821 2272 premo-
871 2213 886 2251 a
901 2213 931 2254 sc
945 2198 1020 2268 ipsis.
1034 2199 1081 2255 sed
1093 2200 1127 2255 au
1139 2199 1186 2256 illo
1199 2200 1341 2257 lambam.
1356 2202 1433 2271 Quod
1447 2203 1484 2258 illi
1499 2205 1661 2276 utiquered-

142 2280 215 2365 meo,
228 2296 362 2369 predico,
376 2295 513 2353 denuntio.
538 2294 666 2351 saliatur
679 2295 821 2366 episcopus
871 2288 986 2347 deodum
1000 2289 1066 2360 luit,
1079 2301 1108 2347 ut
1118 2292 1153 2348 ad
1165 2292 1217 2349 ltoc
1230 2293 1374 2351 tenendum
1393 2296 1466 2366 quod
1480 2295 1572 2353 ridere
1581 2307 1659 2369 pots·

148 2385 275 2443 audiatur
287 2387 428 2458 episcopus
443 2400 567 2452 monens,
580 2385 703 2440 audiatur
713 2384 820 2456 episeo-
872 2388 951 2444 rttui,
967 2380 1001 2436 ab
1015 2380 1062 2436 illo
1075 2391 1233 2438 sanarentur
1252 2385 1296 2454 qui
1311 2383 1463 2440 dedocuisti
1482 2386 1615 2446 viderent.
1629 2388 1659 2445 Sl

142 2474 212 2543 sns‚'
223 2478 348 2534 audiatur
359 2479 499 2548 episcopus
508 2476 643 2548 adiurans.
658 2476 760 2547 Adiuro
773 2491 822 2548 per
872 2469 943 2526 enlm
954 2468 1006 2526 ¹1⁰0
1018 2470 1146 2538 facerem,
1162 2471 1337 2529 humiliatem
1350 2484 1496 2545 servarent,
1511 2485 1538 2534 ct
1550 2489 1660 2550 possent

142 2571 174 2642 pri
188 2569 268 2626 uodte
280 2578 357 2625 natus
376 2577 417 2625 est
429 2586 435 2622 :
448 2567 558 2638 adiuro,
575 2568 725 2639 obstringo,
741 2583 821 2625 nemu
871 2562 988 2633 vulturi,
1001 2572 1081 2635 atqua
1091 2563 1128 2618 illi
1141 2563 1301 2621 beadssimae
1314 2566 1531 2638 contemplationi
1544 2571 1661 2629 cohere-

142 2662 188 2734 igo
202 2677 246 2717 noe
258 2661 378 2718 alasolro.
392 2659 485 2716 lielius
498 2668 581 2716 estut
593 2674 705 2716 monens
716 2659 820 2728 audiar,
871 2662 941 2709 tcut-
961 2652 1028 2722 Quts
1047 2669 1111 2710 nero
1129 2654 1253 2726 superbia
1272 2665 1331 2713 ersi
1345 2658 1371 2713 ln
1385 2659 1439 2726 ⁰5⁸·
1454 2659 1612 2732 lnlsrwiuii
1628 2678 1661 2721 ιο

142 2752 211 2811 ristis
221 2752 334 2808 sentiar.
871 2742 954 2800 lalsus
965 2754 992 2800 et
1001 2742 1083 2801 fallas
1097 2745 1336 2819 nomenniomen
1349 2749 1390 2806 cis
1404 2751 1575 2821 promitteret
1586 2753 1659 2825 quud

286 2863 401 2921 gssffipo
417 2861 533 2919 cxcppl
548 2867 568 2916 ⁹.
871 2848 920 2904 per
933 2844 1022 2905 paries
1035 2836 1127 2893 nescio
1147 2851 1215 2909 quus
1226 2839 1357 2909 superbire
1378 2851 1552 2919 purgarentur
1562 2847 1659 2903 apim„

144 2956 436 3016 mmmmm
446 2964 530 3005 00⁰1„
539 2962 645 3019 caganus
657 2953 696 3019 (a)
752 2979 755 2983 .
871 2925 994 2995 illumm,
1007 2935 1035 2983 et
1056 2925 1120 2984 iecit
1138 2930 1255 2987 cultores
1276 2931 1479 2990 demoniorum.
1494 2933 1558 2992 lude
1580 2951 1657 2994 sacra

312 3053 473 3094 ,upum
487 3037 537 3107 (p),
871 3020 960 3075 omnia
972 3036 1032 3109 quae
1045 3021 1237 3080 celebrantura
1250 3022 1380 3095 Paeanis,
1394 3041 1454 3098 qum
1468 3028 1555 3086 valere
1568 3030 1661 3089 dicunt

871 3109 905 3165 atl
916 3110 1100 3182 purgationem
1121 3113 1268 3169 ruinarum
1291 3129 1408 3170 suarum.
1423 3116 1531 3173 Etaudi
1543 3120 1659 3191 Aposto-

872 3201 928 3257 lum
946 3210 1141 3272 consequenter
1153 3201 1211 3259 lanc
1231 3203 1382 3272 dicentem,
1395 3208 1456 3277 quia
1475 3224 1524 3281 pro
1536 3210 1661 3268 mercede

872 3290 1006 3362 superbias
1020 3292 1071 3348 ista
1083 3303 1258 3363 receperunt;
1273 3295 1334 3366 quia
1348 3311 1402 3352 nou
1416 3298 1455 3354 sic
1466 3298 1660 3358 honorificare·

872 3393 935 3438 runt
946 3383 1048 3444 Deum.
1062 3392 1091 3438 ut
1109 3383 1324 3441 lrouorillcandns
1344 3395 1387 3442 est
1410 3387 1489 3444 Deus.
1503 3388 1539 3444 dr
1550 3400 1661 3447 nrntnns-

871 3485 929 3527 runt
939 3473 1045 3544 plurium
1055 3473 1253 3544 incorruptibilis
1266 3473 1315 3529 Dei
1325 3475 1353 3531 in
1365 3476 1556 3534 similitudinem
1565 3481 1658 3554 mnni-

871 3565 911 3620 nis
924 3565 1093 3636 sumptibilis
1111 3565 1229 3619 dontinis.
1243 3565 1302 3622 lum
1316 3568 1459 3625 simulacra
1473 3580 1544 3626 suut.
1559 3572 1593 3627 Et
1608 3575 1660 3631 ista

871 3655 979 3726 quidem
989 3655 1107 3712 omnium
1117 3654 1270 3711 Graecorum
1279 3657 1443 3729 alienumque
1456 3661 1584 3732 gentium,
1599 3679 1660 3734 quae

870 3747 1071 3804 similitudinem
1092 3747 1229 3802 hominurn
1252 3747 1360 3805 habent.
1376 3750 1442 3819 Quia
1461 3767 1525 3810 reru
1543 3768 1598 3809 nou
1617 3763 1661 3812 est

871 3838 957 3909 major
964 3847 991 3893 et
998 3838 1206 3907 superstitiosior
1213 3839 1360 3895 idololatria
1368 3856 1448 3911 quam
1456 3841 1657 3914 AEsyptiorum:

871 3944 933 3985 narn
954 3927 1084 4000 AEspyptus
1106 3928 1222 3998 perfudit
1243 3930 1370 3986 manudum
1392 3932 1524 4002 ligmeutis
1546 3936 1659 4004 talibus,

871 4022 960 4094 qualia
980 4021 1109 4092 deinceps
1131 4021 1196 4077 dicit
1216 4021 1454 4093 Apostolustcum
1477 4025 1605 4094 dixisset,
1625 4026 1660 4084 lu

871 4113 1063 4170 simulitudinem
1080 4115 1197 4185 iutnpiraia
1214 4115 1386 4185 corruptibilis
1407 4117 1533 4183 domins:
1543 4116 1658 4182 addidit,

871 4216 896 4260 et
908 4204 1049 4272 uolnerum,
1060 4214 1085 4260 st
1097 4206 1301 4277 quadrupedem,
1317 4216 1341 4262 et
1349 4210 1513 4278 serpentium.
1524 4209 1658 4282 Numquid

872 4298 961 4364 enim,
975 4296 1087 4365 iratres,
1100 4295 1127 4352 in
1151 4296 1209 4351 aliis
1234 4296 1339 4367 templis
1361 4297 1464 4352 vidistis
1486 4299 1658 4357 simulacrum

871 4387 959 4456 capite
973 4385 1069 4441 canino
1088 4384 1132 4441 rel
1150 4386 1272 4451 taurino,
1285 4395 1495 4459 ceterorumque
1506 4392 1660 4448 animalium

872 4475 1094 4532 irrationabilium
1106 4475 1252 4546 figmenta!
1264 4476 1327 4533 llaec
1345 4478 1417 4534 enim
1437 4478 1506 4534 idola
1520 4479 1659 4552 AEgyptio·

871 4580 932 4623 rum
944 4574 1015 4623 sunt.
1029 4566 1176 4636 Utrumque
1188 4568 1258 4622 euim
1268 4582 1351 4637 gentos
1365 4568 1529 4638 complexus,
1540 4570 1578 4628 ait
1589 4573 1660 4638 Apo

872 4660 998 4716 stolosca
1016 4658 1044 4714 lu
1064 4658 1264 4715 similitudinem
1282 4660 1404 4730 imaginis
1415 4660 1595 4730 cumuptibilis
1611 4661 1661 4716 lrrr-

871 4751 962 4818 miuis,
977 4757 1006 4807 et
1016 4749 1168 4813 uolnerum.
1181 4760 1209 4806 et
1221 4748 1430 4820 quadrnpedum,
1444 4758 1472 4806 et
1483 4751 1658 4821 serpentium.

873 4842 1017 4913 Propterea
1024 4841 1201 4897 tradiditillos
1208 4840 1312 4897 lleuain
1320 4840 1450 4896 desideria
1458 4841 1547 4897 cordis
1555 4855 1659 4910 curum,

872 4933 900 4988 in
915 4931 1123 4996 immunditiam
1138 4940 1168 4986 ut
1178 4931 1347 4987 contumeliis
1356 4931 1474 4987 alliciant
1486 4946 1597 5002 corpora
1611 4947 1660 4989 sua

872 5024 899 5080 in
913 5023 1073 5092 semetipsis.
1088 5039 1098 5076 ι
1112 5022 1174 5078 llaec
1183 5023 1252 5078 mala
1264 5037 1367 5089 eorum,
1378 5037 1412 5079 es
1421 5024 1558 5093 impietate
1566 5038 1661 5094 super·

142 5188 159 5238 l,
171 5171 212 5225 w
223 5169 270 5226 dm
280 5184 289 5234 ἶ
299 5172 323 5224 ω
335 5179 382 5235 est,
394 5186 511 5236 pommus
521 5173 561 5226 hie
570 5188 635 5227 em
872 5115 924 5171 iius
939 5127 1010 5170 sunt.
1026 5113 1078 5170 lsta
1098 5129 1163 5170 uero
1184 5121 1292 5185 peccata
1314 5115 1376 5186 quia
1396 5114 1430 5172 de
1449 5117 1591 5187 superbis,
1604 5132 1660 5173 nun

142 5248 167 5287 n
178 5243 234 5293 „sq
246 5233 354 5286 mm
373 5235 510 5293 samsone
528 5237 585 5287 dm
600 5240 761 5302 sugusuuus,
779 5246 821 5290 m,
872 5209 959 5264 solum
974 5216 1081 5278 peccata
1092 5247 1100 5274 ‚
1113 5206 1161 5262 sed
1180 5208 1260 5262 ctiam
1273 5207 1402 5279 supplicia
1416 5219 1487 5264 sunt.
1508 5208 1575 5265 Cum
1587 5210 1660 5267 euitat

150 5299 198 5348 irae
215 5297 240 5345 iu
251 5310 280 5347 re
299 5295 444 5360 religionem
456 5299 614 5360 opponendo;
627 5308 655 5351 ut
670 5301 734 5364 quod
745 5303 820 5355 Judael
872 5298 956 5365 dicit,
970 5298 1086 5354 Tradidit
1104 5296 1163 5353 iiius
1175 5297 1259 5364 Dens,
1272 5297 1327 5368 jam
1341 5298 1376 5354 de
1393 5298 1506 5355 uindicta
1517 5312 1559 5357 est
1569 5303 1659 5371 cujus·

141 5357 652 5486 ffiuffifflfflwamffl'
872 5391 933 5446 datu
952 5389 1068 5460 peccati,
1083 5397 1113 5444 ut
1132 5387 1190 5444 haec
1209 5388 1317 5446 iaciant.
1332 5408 1342 5443 ι
1360 5391 1412 5457 Qui
1432 5403 1662 5451 commutaverunt

142 5480 228 5531 dimus
237 5478 397 5531 mmduoous
407 5479 449 5530 hd.
464 5493 520 5531 eum
530 5480 556 5530 d.
568 5481 676 5534 eraditis
686 5480 761 5533 ibris.
873 5480 1012 5535 ueritatem
1025 5478 1073 5533 liei
1091 5478 1118 5535 in
1131 5477 1308 5535 mendacium.
1328 5497 1338 5534 ι
1353 5478 1421 5547 Quid
1438 5489 1496 5549 est,
1512 5500 1522 5535 s
1538 5497 1660 5540 commu·

142 5541 675 5668 {ffiffiffiffissfwffm
684 5553 768 5597 ⁰⁰¹¹m
778 5553 821 5598 Μ’
873 5573 996 5625 invertunt
1009 5569 1147 5625 ueritatem
1163 5570 1210 5625 liei
1224 5568 1250 5624 in
1263 5568 1451 5626 mendaciumi
1464 5568 1492 5626 lu
1507 5570 1661 5628 similitudi·

144 5672 209 5716 rcrca
220 5665 245 5714 ln
256 5660 326 5716 lictis
338 5671 363 5715 et
371 5662 430 5716 flori
444 5664 587 5717 mllcctiouc
599 5667 624 5718 iu
636 5666 741 5718 mulum.
873 5678 933 5719 ncm
952 5682 962 5716 ι
979 5662 1079 5718 scilicet
1093 5681 1102 5713 t
1117 5662 1237 5734 imaginis
1252 5662 1428 5734 corruptibilis
1438 5661 1562 5732 hominis,
1574 5675 1601 5721 cs
1613 5681 1660 5721 ro-

142 3148 252 3205 uetare
263 3149 330 3202 emunt
339 3148 380 3202 iro
392 3147 440 3202 Dei
450 3147 482 3202 da
499 3148 561 3203 cario
573 3164 648 3219 snper
657 3164 755 3203 amnem
768 3149 820 3202 im·

142 3255 158 3292 t.
167 3237 296 3308 Qucum,
308 3237 358 3292 nisi
373 3246 400 3293 et
411 3237 564 3292 ludaeorum
576 3248 603 3292 et
614 3236 755 3294 Gentium?
766 3237 821 3294 Sed

142 3339 221 3395 tettae,
230 3329 319 3398 Quare
331 3343 412 3399 super
422 3329 584 3398 impietatem
598 3329 820 3386 Gentiumillun·

142 3421 192 3477 nim
204 3419 304 3477 denes
326 3419 424 3490 Legem
439 3429 599 3490 acceperunt
615 3430 642 3477 et
662 3423 821 3493 praevarica-

142 3512 261 3570 ctistmti
269 3512 352 3568 Recte
362 3513 496 3569 revelatur
507 3514 544 3568 ira
555 3514 602 3569 liei
612 3529 692 3585 super
702 3514 820 3591 lntlaaos²

142 3602 200 3659 data
222 3611 264 3658 est
283 3602 355 3669 Les,
368 3613 396 3658 et
418 3617 477 3658 eam
497 3603 641 3660 observare
655 3605 818 3662 uoluerunt:

143 3703 266 3749 satutem
285 3708 337 3748 non
355 3701 397 3748 est
408 3692 481 3748 data.
499 3693 649 3759 intuemini,
665 3694 777 3761 iratres.
793 3704 821 3752 et

142 3792 169 3839 te
192 3782 326 3855 quomodo
342 3799 436 3838 omnes
456 3797 518 3839 reus
539 3785 820 3851 ostendit,ctumnes

142 3876 255 3948 nd‘rgere
268 3890 300 3932 ac
312 3876 503 3932 misericordie
526 3876 582 3931 liei.
599 3878 735 3933 lieaeictur
753 3880 820 3933 enim

143 3968 180 4024 de
192 3967 255 4024 carlo
267 3984 343 4038 asper
352 3983 451 4022 omnem
464 3967 620 4040 impietatem
633 3978 657 4024 st
669 3970 819 4039 iniustitiam

142 4076 158 4113 u
171 4074 257 4113 eurum
269 4059 314 4130 qni
323 4058 450 4113 ueritatem
460 4059 487 4112 iu
497 4059 628 4129 iniquitute
641 4059 760 4114 detinent.
776 4060 820 4117 vt-

142 4148 334 4207 emadmodum
347 4164 399 4203 nun
413 4148 527 4217 dixerit,
540 4149 597 4206 lion
613 4149 710 4207 liabent
724 4151 821 4207 uerita·

142 4241 180 4308 ad,
199 4239 344 4308 Veritatem,
360 4241 456 4311 iuquit,
469 4242 495 4296 in
505 4242 637 4314 iniquitate
650 4241 772 4298 detinent.
787 4244 821 4300 Et

142 4347 254 4388 terreres
267 4332 373 4396 dicens,
389 4331 528 4399 Quomodo
542 4340 652 4402 possunt
665 4333 763 4388 labero
773 4349 820 4389 ue·

141 4424 209 4497 ‚qni
230 4422 326 4495 Legem
347 4440 400 4480 non
414 4425 596 4495 accepemntl
608 4427 738 4496 sequitur.
753 4425 820 4491 Quin

142 4527 194 4570 tsm
203 4524 255 4580 est,
270 4515 369 4586 inquit,
385 4514 445 4582 oct,
458 4517 618 4587 manifestum
629 4526 666 4572 est
675 4517 702 4571 iu
714 4517 775 4572 iliis.
788 4518 820 4574 El

142 4622 162 4662 o
177 4605 261 4677 putuit
279 4604 449 4662 manifestum
462 4620 522 4661 esse
536 4607 561 4660 in
577 4606 630 4661 illis
644 4607 714 4677 quod
729 4615 819 4664 nutum

142 4742 146 4762 ,
162 4698 208 4768 qrri
222 4697 319 4767 Legem
333 4713 387 4752 uon
402 4697 579 4767 acceperunt?
592 4697 726 4769 Sequitur,
740 4708 768 4755 et
780 4699 822 4756 di·

142 4789 238 4847 isiiiiio
249 4790 315 4844 eninr
325 4790 391 4861 ejus,
402 4799 543 4843 umentem
553 4792 652 4856 usundi,
668 4807 712 4861 per
725 4806 755 4846 en
764 4807 821 4860 qne

142 4892 185 4961 nt,
200 4879 326 4935 intellecto
344 4879 551 4949 conspiciuntsr‚·
561 4881 713 4951 sempiterna
725 4897 821 4954 quoqne

142 4990 257 5081 mucilate
267 4989 427 5062 Hipponensis
440 4989 524 5041 civitas
534 4989 597 5041 haud
611 4990 672 5044 ialso
691 4992 821 5047 cmistt'aua
