3728 6276
200 257 272 321 lili

197 378 366 436 candelabro.
380 380 498 437 Lucerna
509 391 549 440 est
562 386 633 441 enim
648 388 728 444 horno
746 393 790 462 qui
811 394 878 451 berre
890 411 984 468 opera-

197 478 250 523 tur.
263 469 338 536 Quod
353 481 395 527 est
405 484 494 529 autern
507 476 715 535 candelabrum?
732 481 798 538 llilri
816 497 900 542 autem
920 491 985 544 adsit

195 559 310 629 gloriari,
321 562 370 616 nisi
381 563 408 617 in
419 580 494 620 cruce
507 567 610 623 Domini
624 574 704 627 nostri
727 573 790 629 desa
804 575 897 635 Chuni
911 580 921 655 (
933 581 980 637 Ga·

195 650 241 703 lat.
256 664 294 717 rr,
307 651 361 722 ll).
370 653 420 722 Qui
431 659 790 726 ergosecundumChrisurm
806 666 910 735 iaciunt
921 687 984 741 pro-

195 746 254 807 pter
267 739 403 797 Christum
418 742 492 812 lacit,
508 759 538 802 ιιι
552 762 605 803 non
619 750 748 821 glorietur
761 756 811 812 nisi
823 758 849 812 in
862 758 980 829 Christo,

194 829 385 888 candelabrum
397 844 447 889 cst.
462 836 562 892 Luceat
574 842 707 904 omnihus.
722 844 831 902 rideant
841 850 911 920 quod
923 851 983 906 imi·

196 928 284 973 rentur
298 937 305 973 :
321 935 374 975 nou
385 922 439 978 sirrt
452 927 529 996 pigri,
545 944 598 985 non
620 932 688 987 aridi
702 935 711 966 ¹
729 951 735 988 :
753 939 837 1005 prosit
859 940 929 1010 quod
943 942 983 997 ui-

193 1008 272 1074 dent3
289 1025 340 1066 non
356 1014 410 1068 sint
423 1016 506 1071 oeulis
519 1018 649 1084 uidentes.
664 1032 691 1078 et
702 1026 827 1083 cordibus
841 1032 915 1085 cunei.

228 1100 340 1158 oseba
351 1103 394 1158 ΙΙΙ.
409 1136 445 1146 -
457 1108 483 1162 5.
498 1109 602 1165 Dourini
614 1125 739 1185 precepta
752 1117 803 1171 duo
825 1120 853 1174 in
874 1124 981 1191 speciem

193 1193 321 1245 contrariu
334 1196 512 1252 conciliamur.
524 1199 577 1256 Sed
588 1218 621 1259 ιιε
635 1204 704 1261 lurte
731 1219 853 1265 occurrat
877 1213 956 1269 alicui
970 1257 979 1283 ,

192 1279 263 1348 quod
279 1283 406 1339 Dominus
417 1285 487 1342 burra
502 1304 582 1358 opera
596 1292 669 1347 uelut
686 1294 760 1365 jubet
781 1297 918 1368 abscondi,
935 1303 979 1358 ubi

192 1369 266 1435 dicit,
281 1371 370 1429 Cavete
383 1379 598 1449 frrcmcjustitiam
611 1395 718 1438 vestram
730 1403 815 1442 corum
826 1390 977 1461 homiuibus,

192 1470 220 1513 ut
234 1461 370 1518 videamini
379 1466 409 1519 alt
424 1468 480 1532 eis,·
493 1471 607 1542 alioquin
629 1477 766 1532 mercedem
786 1497 836 1534 non
860 1483 979 1541 habebitis

190 1551 260 1619 apud
269 1552 371 1609 Patrem
381 1567 489 1612 vestrum
500 1562 544 1630 qui
557 1563 706 1621 incoelisest
727 1568 843 1640 (barra.
859 1589 885 1628 vr
897 1615 905 1639 ,
919 1578 931 1631 l
944 1575 953 1647 )
968 1594 976 1631 :

191 1638 393 1712 debetqucestio
407 1647 457 1703 ista
471 1649 591 1720 dissolri,
619 1664 648 1711 ot
672 1661 824 1717 noverimus
847 1667 976 1735 quemad-

190 1731 297 1787 modum
311 1733 425 1790 Domino
437 1739 661 1811 obtemperemus,
677 1761 726 1803 nee
736 1749 923 1823 obtemperare
940 1757 977 1812 illi

189 1837 241 1877 nou
255 1827 398 1894 possimus,
414 1845 475 1886 curn
488 1848 549 1887 eum
565 1848 657 1891 eontra
669 1839 765 1908 jubere
777 1844 910 1902 audimus.
922 1848 977 1905 llac

188 1914 269 1982 dicit,
284 1915 483 1991 huccuntopern
496 1936 577 1978 vestra
603 1943 687 1984 cornnr
713 1933 865 2000 hominihus,
887 1948 915 1993 ut
937 1940 975 1994 vi·

188 2004 263 2058 deant
277 2005 343 2060 lona
360 2012 429 2078 {acto
443 2023 523 2067 uestro
538 2029 548 2068 .·
562 2014 612 2071 hac
622 2016 686 2074 dicit
698 2060 706 2085 ,
734 2020 824 2078 Cavete
836 2025 919 2095 {acme
927 2029 976 2099 ju-

186 2097 281 2152 stitiam
293 2108 399 2155 vestram
413 2118 498 2158 corum
508 2104 660 2175 lronrirrilrus,
677 2121 703 2166 ut
720 2113 854 2170 videamini
878 2119 909 2172 ab
928 2122 973 2176 eir.

186 2187 274 2244 l'ultis
289 2206 457 2262 nossequum
470 2196 506 2250 sit
525 2197 574 2251 ista
599 2199 711 2270 questio
734 2204 922 2277 dissoluenda,
947 2222 975 2266 et

186 2281 237 2334 nisi
252 2281 421 2350 dissolvatur,
437 2286 549 2344 moleste
564 2290 625 2358 erit,
638 2292 660 2347 si
684 2305 821 2352 remaneat
834 2299 974 2356 insoluta?

185 2368 299 2443 Quidum
315 2371 436 2431 lrorrrines
462 2377 560 2435 tartum
578 2381 655 2455 benc¹
669 2394 697 2446 et
712 2386 805 2449 timent
822 2391 907 2452 uiden
924 2409 931 2465 ;
946 2403 973 2454 et

184 2469 257 2523 ornrri
272 2471 370 2536 studio.
383 2485 512 2544 quamam
526 2490 646 2548 possunt,
661 2486 819 2557 cooperiunt
834 2487 904 2545 bonu
914 2506 974 2560 opo

185 2573 214 2612 ra
229 2573 287 2614 sua.
300 2560 416 2631 Captarrt
428 2567 534 2635 quurrdn
548 2571 680 2627 neminem
696 2575 822 2632 rideant:
840 2587 902 2635 tuuc
924 2582 972 2635 uli-

183 2652 246 2721 qoid
261 2655 409 2723 porrigunt,
425 2657 549 2717 timentes
573 2677 606 2717 ne
630 2663 765 2723 offendant
786 2668 813 2724 in
828 2670 893 2727 illud
904 2687 973 2743 prce·

183 2751 290 2810 ceptum
315 2744 359 2799 ubi
377 2745 475 2802 dietum
493 2759 544 2814 est.
572 2751 659 2809 Cavete
684 2760 768 2828 [acere
779 2760 909 2830 justitiam
930 2780 972 2817 ue·

182 2842 358 2887 rtrunrcorarrr
371 2836 562 2906 tirannorum
575 2844 710 2900 videamini
736 2849 768 2903 ah
791 2852 836 2906 eis.
851 2851 907 2909 Non
923 2871 972 2910 au·

184 2930 236 2974 tenr
251 2921 380 2979 hominus
389 2925 471 2996 jussit
484 2929 552 2987 bona
565 2947 645 3003 opera
656 2936 795 3008 abscondi,
810 2943 897 2999 sedin
919 2945 971 3000 ho·

184 3011 227 3066 nis
240 3013 365 3082 operibus
378 3016 483 3072 larrderrr
495 3020 634 3080 humanum
662 3042 716 3083 non
739 3032 865 3102 cogitare.
892 3037 971 3092 berri-

181 3117 235 3174 que
248 3118 308 3160 eum
323 3105 399 3170 dixit.
414 3106 503 3165 Cavete
515 3117 733 3188 fucnejustitiom
752 3136 861 3181 vestram
884 3145 970 3184 corum

182 3190 323 3261 hairtinilrus
336 3212 346 3248 :
360 3197 404 3250 ubi
417 3197 519 3256 lirriuitl
536 3201 569 3257 Ut
579 3206 715 3265 videamini
739 3214 770 3268 ah
793 3215 840 3270 eis.
851 3217 887 3274 tn
910 3219 970 3277 ideo

181 3280 289 3350 iaciunt,
310 3293 338 3339 ut
360 3287 544 3347 videanturub
561 3294 679 3358 hominib
719 3305 825 3377 phuae
849 3307 963 3366 fructum

180 3371 243 3426 boui
258 3374 486 3447 operisquaerarru
510 3381 582 3440 lrunc
603 3385 631 3444 le
660 3388 663 3393 ’
703 3366 796 3457 :Mn
820 3397 894 3453 aliud
919 3415 969 3455 ex-

180 3470 312 3534 spectem,
327 3465 393 3523 nihil
414 3473 562 3542 superioris
573 3488 601 3534 et
615 3481 731 3540 eoelestis
752 3491 888 3546 commodi
903 3510 969 3549 eon·

179 3557 327 3630 cupisearrt.
348 3562 401 3620 Sed
422 3568 444 3622 si
459 3567 521 3625 ideo
544 3574 630 3629 solum
656 3577 744 3647 iaciat,
770 3591 799 3637 ut
821 3583 966 3644 laudetur:

180 3646 231 3705 hoe
245 3655 380 3722 prohibuit
395 3658 533 3718 Dominus.
550 3664 639 3723 Cavete
653 3673 746 3739 [acne.
760 3673 920 3741 Quomodo?
934 3681 968 3737 tn

177 3739 314 3798 videamini
326 3745 357 3798 ad
370 3749 416 3804 eis.
431 3749 528 3810 Cavete
544 3754 614 3811 hune
627 3757 727 3818 habere
746 3762 872 3836 fructum,
891 3771 968 3827 risio·

178 3844 240 3885 nent
256 3831 404 3892 hominum.

213 3922 326 3982 creba
339 3927 383 3983 lll.
400 3961 434 3972 -
454 3933 482 3989 l.
497 3933 530 3989 ln
542 3936 607 3993 dono
631 3957 706 4011 opere
732 3945 833 4003 iaudent
854 3963 966 4009 nostram

100 4008 102 4018 ¹
176 4028 288 4082 querere
302 4019 567 4087 prolridenrurrlubet
590 4040 678 4087 autem
701 4035 784 4093 uideri
810 4055 892 4111 opera
918 4062 966 4100 no-

175 4112 241 4170 stra,
257 4114 285 4161 et
296 4107 369 4173 dicit,
385 4110 468 4166 Neruo
482 4119 594 4171 accendit
607 4121 752 4194 lucernam,
763 4137 786 4182 et
811 4134 883 4202 ponit
910 4151 966 4191 eam

173 4195 326 4273 sulvnrodio,
341 4202 386 4254 sed
404 4219 479 4275 super
500 4210 694 4283 candelabrum,
706 4228 733 4273 ut
748 4221 828 4277 luceat
850 4228 965 4284 omnibus

174 4283 217 4352 pai
225 4284 251 4338 in
264 4286 337 4341 dorrto
350 4301 418 4344 suut.
436 4295 477 4359 Et,
493 4297 537 4351 Sic
548 4300 647 4357 luceant
672 4322 750 4377 opera
774 4324 855 4368 vestro
878 4333 964 4374 coram

174 4373 325 4444 bortrinibuu
345 4390 372 4434 at
395 4383 505 4454 videant,
523 4389 616 4461 inquit,
639 4394 704 4451 hona
727 4404 797 4471 facta
819 4418 910 4463 uestra.
930 4411 964 4468 tn

174 4479 226 4520 nun
238 4466 272 4521 ibi
284 4473 411 4528 remansit
426 4490 433 4529 ς
448 4476 505 4545 sed,
516 4478 658 4552 glorificent
668 4529 676 4554 ‚
688 4491 841 4563 subiunxit,
859 4497 963 4557 Patrem

172 4567 292 4626 antrum,
308 4564 352 4631 pai
361 4565 464 4622 incoeiis
476 4580 513 4623 est
528 4571 591 4643 (ld.
606 4590 634 4640 v,
651 4579 707 4653 td).
718 4582 796 4642 Aliud
810 4597 851 4643 est
868 4591 894 4646 in
913 4593 962 4649 bo·

172 4662 209 4702 nu
221 4665 302 4720 opere
316 4671 435 4725 quarere
457 4661 561 4719 laudem
587 4673 752 4736 tuam‚aliud
775 4689 816 4734 est
839 4682 866 4736 ln
891 4684 963 4742 herro

172 4752 254 4809 opere
277 4759 398 4813 quaerere
420 4750 525 4808 laudern
555 4756 613 4813 [lei.
641 4760 752 4828 Quando
779 4773 877 4839 quaris
901 4776 961 4832 luu-

170 4827 232 4883 dem
245 4840 327 4902 tuam,
343 4836 370 4891 in
384 4839 488 4898 risione
514 4846 650 4906 hominum
668 4859 820 4916 remansisti
835 4865 960 4933 :quando

170 4921 268 4987 peruris
282 4922 386 4981 laudem
402 4928 467 4999 Dei,
483 4943 610 4992 uternam
622 4941 734 5011 gloriam
748 4951 896 5019 acquisisti.
916 4955 960 5012 Sic

169 5024 233 5081 ergo
260 5014 398 5082 suciamus,
414 5031 506 5078 utnon
519 5027 699 5089 uideamuruh
710 5036 862 5098 hominihus
877 5085 884 5108 ‚
908 5045 960 5103 lrne

168 5113 220 5167 est,
235 5105 274 5159 sie
288 5106 425 5178 samareus,
441 5123 470 5170 ut
485 5116 613 5174 visionem
628 5120 765 5181 hominurn
777 5138 958 5200 promercale

168 5195 221 5248 'non
237 5211 387 5265 orirerurrrus
402 5221 408 5257 ε
424 5205 470 5261 sed
486 5209 523 5264 sic
537 5209 682 5281 iaciamus,
698 5229 751 5276 uta
765 5225 917 5284 uidentibus
931 5243 958 5287 et

168 5284 332 5344 imitantibus
347 5293 457 5362 giarium
473 5298 518 5354 liei
545 5317 695 5372 quaeramus
712 5321 739 5367 et
765 5330 957 5385 cognoscamus

168 5376 239 5444 quud
254 5379 276 5431 si
290 5395 337 5435 nos
349 5383 414 5438 tales
429 5402 480 5441 rron
493 5389 601 5461 luceret,
615 5397 681 5452 nibil
696 5416 825 5461 essemus.

200 5529 208 5560 ¹
221 5533 257 5580 irc
267 5531 359 5595 aliquot
370 5543 421 5587 ttss.
435 5546 462 5590 tt
475 5541 543 5603 editi,
554 5538 601 5597 non
618 5551 694 5600 avari.
770 5610 773 5619 ¹

810 280 837 336 S.
859 281 1041 340 adcusanti
1060 286 1211 347 uersabat

1764 312 1831 375 llil

1231 405 1348 467 SEiith
1365 412 1564 477 dccxxxiv
1581 425 1631 497 (a).

1236 520 1262 566 tn
1270 515 1311 569 die
1321 520 1480 577 ordinationis
1489 541 1551 592 sna,
1561 547 1571 583 r
1582 531 1627 597 (h).

1072 633 1185 694 CAPUT
1198 638 1339 699 Puthbtt.
1353 675 1388 686 -
1403 647 1428 702 l.
1449 648 1565 708 Sarcinas
1590 658 1743 730 episcopalis
1762 680 1825 732 pon-

1037 725 1095 780 dus.
1110 727 1151 781 rid
1170 730 1299 787 lrornirrum
1320 737 1407 793 mades
1426 745 1550 811 quouwdo
1568 746 1677 815 affectus
1700 752 1824 826 Attuarii·

1036 833 1094 872 unc.
1107 818 1257 877 Hodiernus
1271 824 1328 881 dies
1347 827 1408 895 iste,
1421 832 1526 901 iratres,
1542 836 1668 896 admonet
1681 858 1725 898 me
1738 855 1823 900 atterr-

1036 911 1088 964 tius
1100 912 1217 982 cogitare
1226 917 1357 974 sarcinam
1369 937 1465 976 incarn.
1477 925 1516 981 lle
1524 927 1600 998 eujus
1607 932 1726 1000 pondere
1733 938 1824 991 etiam·

1036 999 1058 1054 si
1081 1000 1144 1055 mibi
1168 1003 1227 1059 dies
1242 1017 1385 1080 noctesque
1407 1015 1574 1084 cogitandum
1590 1022 1635 1084 sit.
1665 1027 1758 1081 neseio
1771 1045 1820 1098 utto

1036 1099 1125 1146 tamen
1142 1094 1222 1149 modo
1246 1099 1443 1159 urrrriversarius
1463 1106 1514 1162 iste
1539 1108 1599 1165 dies
1623 1113 1748 1187 impingit
1765 1133 1820 1174 earu

1034 1181 1160 1259 sensibus
1174 1185 1251 1252 oreis,
1268 1199 1296 1242 ut
1308 1188 1342 1244 ab
1355 1205 1386 1246 ea
1401 1196 1539 1265 cogitanda
1562 1203 1673 1258 omuino
1697 1205 1819 1263 dissimu-

1034 1268 1090 1324 lure
1102 1287 1154 1326 non
1168 1277 1277 1344 possim.
1287 1278 1427 1350 thuanto
1436 1287 1499 1340 anni
1509 1290 1657 1359 accedam,
1673 1293 1728 1350 huo
1740 1296 1817 1352 deor·

1032 1359 1108 1427 dunt,
1120 1379 1221 1436 nosque
1236 1371 1439 1443 propinquiores
1451 1374 1553 1434 iaciunt
1564 1381 1617 1436 diei
1628 1385 1724 1440 ultimo
1738 1429 1747 1454 ,
1771 1390 1818 1444 uti·

1031 1468 1083 1524 pue
1095 1457 1253 1529 quandoque
1266 1462 1323 1519 sine
1336 1463 1502 1525 dubitatione
1515 1482 1645 1541 rentur03
1668 1487 1742 1534 tauto
1756 1481 1816 1537 mihi

1031 1558 1073 1600 est
1093 1549 1179 1604 acrior
1201 1553 1336 1624 cogitatio,
1361 1566 1387 1612 et
1405 1560 1529 1618 stimulus
1551 1564 1694 1636 ¹pleoior,
1717 1573 1816 1641 qualem

1031 1636 1143 1694 Domino
1156 1639 1211 1698 lieo
1223 1654 1315 1701 nostro
1327 1649 1456 1707 rationem
1471 1654 1569 1722 possim
1583 1658 1699 1716 reddere
1712 1678 1760 1733 pro
1770 1680 1814 1718 ro-

1030 1727 1081 1785 bis.
1095 1730 1150 1787 lloe
1164 1734 1234 1789 euim
1248 1738 1358 1794 interest
1377 1741 1446 1799 inter
1466 1762 1683 1822 unumquemque
1704 1768 1813 1815 restrum

1030 1826 1123 1885 etrros,
1132 1823 1202 1893 quod
1213 1840 1259 1882 ros
1274 1843 1342 1897 pene
1353 1829 1387 1886 de
1398 1833 1474 1890 urbis
1484 1836 1548 1894 solis
1561 1839 1694 1898 reddituri
1703 1846 1765 1901 estis
1773 1864 1811 1903 m·

1030 1908 1139 1977 tionem,
1155 1929 1205 1969 nos
1216 1925 1304 1972 autem
1319 1928 1346 1974 et
1357 1919 1391 1976 de
1403 1924 1479 1979 nobis
1493 1927 1567 1983 etde
1578 1932 1707 1988 omnihus
1731 1923 1809 1990 rubis.

1030 1998 1092 2055 ldeo
1105 2003 1240 2072 ruajurest
1252 2009 1356 2064 sarcina
1373 2013 1440 2068 :sed
1467 2015 1535 2071 bene
1557 2030 1661 2087 portata
1689 2025 1810 2095 majorem

1030 2100 1168 2163 comparat
1181 2093 1463 2164 gluriarruiubdeliter
1475 2114 1564 2160 auteur
1577 2119 1653 2178 gesta
1668 2111 1704 2167 ad
1727 2114 1811 2169 inrora-

1028 2179 1448 2260 nissirnampraeeipitatpoeuam.
1471 2193 1539 2263 Quid
1564 2214 1629 2269 ergo
1651 2202 1718 2258 mihi
1740 2206 1811 2262 hodio

1027 2271 1144 2330 raaxiroe
1158 2273 1319 2348 iaciendum,
1333 2282 1384 2337 nisi
1395 2293 1423 2338 ut
1433 2289 1619 2344 commendem
1643 2294 1720 2349 vobis
1745 2296 1809 2366 peri·

1026 2363 1115 2419 cnlunr
1125 2381 1224 2436 meum.
1241 2380 1269 2430 ut
1283 2372 1341 2432 sitis
1355 2375 1479 2449 gaudium
1489 2383 1599 2438 meum?
1614 2384 1810 2443 periculorum

1027 2468 1082 2515 tem
1094 2478 1182 2518 meum
1197 2476 1249 2534 est,
1265 2469 1429 2527 sluttemlum
1442 2479 1576 2544 utromodo
1585 2478 1710 2549 laudatis,
1723 2490 1750 2539 et
1762 2481 1810 2536 dis·

1025 2550 1149 2608 simulem
1163 2559 1297 2626 quomodo
1308 2562 1412 2617 vivatis.
1428 2565 1474 2620 llle
1487 2578 1579 2634 ¹urrtern
1607 2574 1692 2639 norit,
1706 2576 1755 2629 snb
1768 2589 1810 2631 cu·

1022 2638 1068 2710 jus
1080 2642 1164 2700 oeulis
1175 2645 1278 2717 loquor,
1294 2649 1347 2706 imo
1357 2653 1407 2708 sub
1418 2655 1494 2723 eujus
1503 2659 1588 2713 oeulis
1596 2662 1695 2732 cogito,
1708 2679 1757 2719 nou
1771 2682 1808 2722 ma

1025 2738 1080 2785 tam
1104 2731 1232 2791 delectari
1255 2738 1377 2797 laudibus
1395 2745 1577 2815 popularibus,
1590 2766 1671 2820 quarn
1687 2754 1807 2810 stimulari

1025 2831 1052 2878 et
1064 2825 1125 2894 angi
1138 2828 1272 2897 quomodo
1285 2833 1374 2888 vivant
1385 2835 1429 2905 qui
1450 2853 1494 2894 me
1506 2839 1624 2897 laudaut.
1641 2844 1752 2902 Laudari
1763 2865 1806 2901 au·

1025 2922 1078 2969 tem
1091 2931 1105 2970 a
1116 2918 1185 2974 mule
1206 2920 1355 2979 uirentibus
1365 2925 1437 2992 nolo,
1448 2929 1591 2997 abhorreo,
1608 2934 1729 2993 detestor
1743 2958 1750 2992 :
1764 2938 1806 2995 do·

1025 3004 1075 3059 lori
1099 3008 1162 3063 rnilri
1187 3020 1239 3079 est,
1263 3030 1314 3069 non
1327 3016 1464 3089 voluptati.
1479 3020 1592 3078 Laudari
1612 3037 1730 3084 autema
1747 3032 1806 3088 bure

1023 3096 1183 3167 viventibus,
1200 3102 1222 3156 si
1236 3103 1321 3159 dicum
1331 3108 1401 3174 nolo,
1413 3112 1528 3167 mentior
1544 3116 1583 3171 :si
1594 3117 1683 3174 dicam
1698 3123 1766 3184 rolo,
1777 3124 1806 3177 ti·

1023 3203 1085 3242 meo
1110 3205 1143 3244 rre
1158 3192 1352 3251 sirrrirrarritutis
1366 3203 1532 3269 appetentior
1557 3221 1638 3276 quam
1662 3211 1804 3267 soliditatis.

1024 3277 1097 3348 Ergo
1110 3281 1174 3350 quid
1190 3281 1296 3339 dicam?
1308 3286 1362 3343 Nee
1374 3289 1452 3359 plene
1479 3294 1549 3355 tolo,
1574 3312 1625 3351 nec
1647 3300 1725 3368 plene
1741 3304 1803 3357 nolo.

1022 3365 1079 3421 Non
1088 3368 1164 3437 plene
1173 3371 1243 3440 volo,
1260 3389 1293 3428 ne
1307 3376 1333 3429 in
1349 3377 1427 3432 laude
1447 3379 1562 3438 humana
1584 3388 1743 3458 pericliter:
1759 3409 1803 3449 nun

1022 3458 1102 3528 plene
1115 3460 1188 3527 uolo,
1204 3478 1237 3517 ne
1248 3463 1342 3534 ingrati
1356 3465 1410 3522 sint
1421 3471 1516 3539 quibus
1532 3477 1660 3544 praedico.

1057 3547 1169 3607 CAPUT
1188 3551 1219 3606 tl.
1234 3583 1270 3594 -—
1290 3555 1317 3609 ἢ.
1342 3556 1409 3613 Cura
1429 3562 1460 3615 de
1481 3565 1589 3620 oliorum
1612 3570 1695 3626 sainte
1717 3586 1802 3644 quanta

1020 3638 1138 3711 imposita
1146 3643 1272 3713 episcopo.
1284 3646 1393 3704 Sarsina
1405 3661 1492 3708 autem
1503 3672 1562 3711 mea
1574 3668 1626 3724 est,
1640 3678 1719 3732 quarn
1733 3667 1801 3719 nrodu

1020 3732 1141 3798 audistis,
1155 3750 1214 3789 ειιιιι
1231 3738 1351 3795 Ezechiel
1363 3744 1488 3814 propbeta
1502 3747 1643 3818 legeretur.
1659 3754 1756 3811 Parum
1768 3769 1800 3813 est

1020 3818 1092 3877 euim
1112 3826 1172 3896 quia
1192 3827 1248 3881 dies
1264 3829 1320 3898 ipse
1342 3832 1465 3889 admouet
1480 3853 1529 3892 nos
1542 3842 1665 3898 eumdem
1679 3849 1800 3902 srrcirrarrr

1019 3913 1154 3982 cogitare:
1169 3915 1277 3987 insuper
1298 3921 1376 3975 etiarn
1393 3923 1452 3979 tulis
1466 3925 1544 3981 lectio
1556 3932 1667 3988 recitata
1685 3945 1736 4003 est,
1751 3953 1800 4007 qna

1019 4003 1096 4058 nubis
1116 4005 1226 4060 incutiat
1240 4023 1362 4078 magnum
1382 4013 1522 4082 timorem,
1546 4021 1653 4090 utquid
1673 4037 1800 4092 portemus

1018 4093 1181 4164 cogitemus3
1203 4096 1264 4167 quia
1287 4100 1337 4152 nisi
1352 4101 1488 4158 nobiseum
1503 4106 1546 4175 qrri
1560 4107 1690 4179 imposuit
1711 4126 1798 4184 portet,

1018 4181 1165 4240 delieinrus.
1181 4185 1251 4242 Eece
1262 4188 1373 4245 audistis
1388 4209 1394 4245 :
1410 4191 1507 4260 Tora,
1533 4197 1631 4268 irrrpuit,
1646 4219 1797 4275 eriperemur

1017 4273 1141 4329 induxero
1155 4275 1286 4346 gladium.
1307 4291 1330 4333 et
1354 4293 1463 4351 posuerit
1481 4287 1528 4338 sihi
1548 4289 1798 4363 exploratorerrr,qui

1016 4364 1100 4419 uideat
1121 4366 1236 4436 gladium
1251 4373 1481 4438 supervenientem,
1502 4386 1524 4428 et
1539 4378 1606 4432 dicat
1621 4391 1645 4434 ct
1659 4382 1799 4436 derrurrrirt:

1016 4455 1038 4510 si
1052 4457 1163 4511 verriente
1174 4467 1257 4512 autern
1269 4461 1354 4531 gladio
1368 4472 1448 4519 taceat
1461 4465 1504 4520 ille
1512 4467 1672 4539 explorator,
1683 4488 1708 4528 et
1719 4493 1798 4544 supa·

1015 4546 1114 4602 ueniens
1134 4547 1234 4619 gladius
1256 4567 1332 4621 super
1353 4565 1523 4623 peccatorem,
1547 4560 1666 4629 occidat,·
1691 4577 1798 4635 peccator

1013 4637 1113 4708 guidem
1129 4655 1174 4708 pro
1194 4656 1240 4695 rua
1260 4643 1391 4716 iniquitate
1403 4648 1536 4714 morietur,
1558 4655 1709 4723 sanquinem
1723 4667 1798 4709 orrtcrn

1014 4728 1069 4799 ejus
1082 4727 1113 4782 de
1126 4746 1202 4784 manu
1217 4732 1385 4803 exploratoris
1404 4736 1538 4807 inquiram.
1563 4739 1594 4796 Si
1613 4758 1699 4799 aretem
1718 4749 1798 4800 uiderit

1013 4817 1127 4888 gladium
1136 4822 1346 4889 supervenientem
1357 4862 1365 4888 ‚
1378 4832 1402 4878 et
1415 4825 1473 4880 tuda
1485 4830 1615 4896 cecinerit,
1625 4842 1651 4887 et
1666 4838 1797 4889 armantia·

1012 4909 1084 4976 verit,
1100 4917 1124 4964 ct
1137 4909 1182 4964 ille
1193 4912 1233 4965 cui
1248 4915 1382 4970 annuntiat
1396 4933 1446 4970 non
1458 4918 1640 4989 observaverim
1653 4926 1697 4980 ille
1706 4929 1798 4996 quidun

1047 5065 1148 5124 Ιιιοιιε,
1158 5062 1269 5116 uenalis.

1043 5125 1209 5175 'emendatus
1220 5127 1357 5179 adduoscl.
1372 5130 1403 5180 ad
1414 5144 1452 5194 gr.
1472 5146 1494 5183 r.
1515 5147 1561 5184 rm.
1575 5145 1594 5184 t.
1615 5141 1683 5192 etad
1698 5152 1747 5191 tur.
1767 5149 1799 5191 ts.

1011 5193 1128 5236 Pambos.

1052 5262 1068 5296 a
1091 5246 1159 5304 nlius.
1173 5247 1204 5298 23
1213 5263 1244 5299 ex
1255 5250 1286 5300 bb
1297 5253 1411 5303 homiliis.

1042 5248 1078 5371 ibi
1090 5311 1187 5358 nabitus
1198 5309 1291 5362 scilieet
1301 5313 1324 5362 in
1336 5317 1500 5367 anniversarro
1515 5323 1624 5383 suseepti
1642 5337 1658 5374 e
1670 5327 1798 5395 risoopatrrs.

1010 5383 1086 5432 quern
1098 5371 1163 5419 diem
1173 5372 1280 5421 natalem
1294 5376 1400 5438 episcopi
1419 5377 1582 5439 appellabant.
1600 5391 1640 5432 bat
1668 5387 1709 5434 itia
1727 5397 1799 5449 rrptarr

1011 5431 1218 5493 thamugadensis
1242 5437 1438 5497 trequentissioro
1465 5444 1640 5493 bonaustarum
1668 5458 1800 5503 cornuum.

1009 5493 1123 5554 rpramdiu
1139 5492 1181 5542 ille
1191 5495 1259 5554 uixit,
1272 5495 1392 5548 celebrari
1400 5498 1468 5550 solita
1479 5514 1653 5556 eouuueruorut
1661 5518 1801 5577 augustinus

1009 5554 1034 5602 in
1044 5557 1116 5616 epist.
1134 5554 1187 5610 108.
1200 5570 1224 5604 n.
1247 5558 1271 5613 ὅ,
1294 5567 1320 5607 ει
1337 5560 1361 5607 in
1373 5559 1433 5610 libro
1444 5561 1460 5610 2
1470 5573 1553 5612 contra
1565 5568 1668 5617 litteras
1687 5570 1801 5624 l‘etilrurrr.

1009 5627 1062 5676 erp.
1085 5615 1127 5671 25,
1153 5629 1178 5663 ιι.
1201 5618 1240 5666 53.
1264 5622 1332 5667 blein
1347 5625 1420 5670 etiam
1441 5627 1634 5676 anniuersarium
1651 5631 1802 5682 ordinabimus

1010 5674 1098 5725 aurelii
1113 5677 1307 5740 carthaginensis
1328 5681 1499 5736 celemaootuu
1517 5690 1636 5753 postridie
1655 5704 1713 5746 εειε
1732 5696 1802 5758 amru·

1009 5735 1139 5799 limtsupra
1152 5739 1175 5787 ιιι
1187 5738 1234 5790 hue
1245 5753 1318 5791 serm.
1334 5744 1385 5794 ttt.
