3728 6276
102 248 146 306 ιι
843 237 1042 296 emeseno.
1720 246 1758 304 η

113 367 160 420 tuit
169 373 192 418 et
207 363 287 435 potuit
300 361 411 416 uolones
422 359 552 424 adhibens,
565 359 640 413 etiam
653 373 682 412 es
696 373 752 428 quc
763 356 910 413 dicebantur
919 366 1022 428 acepta
1035 354 1196 411 describebat.
1211 354 1320 410 Certum
1336 363 1377 410 est
1389 365 1517 426 praetcrea
1531 358 1673 415 conciones
1690 364 1752 431 plar-

113 462 195 514 rimas
209 455 350 513 abeodem
363 455 487 519 hectore,
503 465 549 509 aut
562 453 680 509 noudum
691 452 886 524 pronuntiatas,
900 453 1039 509 autetiam
1052 461 1191 522 postquam
1204 466 1250 507 eas
1260 452 1315 521 jam
1324 455 1533 523 pronuntiasset,
1550 455 1662 512 dictatas
1676 472 1748 523 esse,

113 554 170 608 sire
184 559 213 607 ut
225 552 297 622 ipsas
306 548 412 618 iuberet
425 548 451 602 in
464 547 576 603 eeclesia
587 562 634 601 sua
648 546 763 613 recitari,
776 546 832 601 sire
842 554 872 600 ιιι
882 544 975 602 iisdem
996 546 1039 600 alii
1054 560 1159 615 quoque
1174 545 1211 599 uti
1228 546 1310 602 libere
1326 558 1442 616 possent.
1464 548 1488 604 ls
1510 552 1580 604 enirn
1595 565 1648 605 ιιοιι
1663 553 1752 607 minus

115 643 251 714 ingeniose
265 654 345 711 quem
360 639 403 709 pie
415 637 532 701 illorum,
543 637 588 707 qui
602 651 662 692 cum
676 637 774 707 populo
786 636 891 692 virtutis
900 651 956 692 sue
968 636 1144 707 praelucerent
1159 637 1298 708 exemplis,
1321 638 1423 694 alienos
1444 654 1580 696 serruoues
1595 643 1751 709 recitarent,

112 733 261 805 apologiam
276 731 376 787 scribit.
388 728 518 785 observat
530 727 661 800 siquidem
674 728 747 799 ipsos
759 727 865 785 trounisi
880 727 975 799 iniuria
985 728 1046 783 lurti
1059 736 1105 784 aut
1120 729 1197 800 plagii
1211 731 1318 787 nornine
1331 733 1491 801 postulatum
1502 733 1545 800 iri,
1557 749 1618 789 eum
1631 734 1699 791 bene
1713 736 1753 789 ri-

113 827 210 891 vendo,
225 833 253 882 et
266 840 356 881 mores
369 838 432 880 suos
442 823 545 880 adeam
557 837 636 894 quam
646 822 793 895 praedicant
805 822 953 879 doctrinam
965 823 1041 894 quasi
1054 823 1086 878 ad
1101 824 1226 879 amussim
1237 825 1385 897 dirigendo,
1398 826 1470 882 illam
1483 828 1532 882 sibi
1546 828 1660 898 quodam
1671 829 1752 885 noto

114 919 247 988 propriam
258 915 382 972 elhciant.
401 913 509 969 Telum
522 913 577 978 Dei,
593 914 678 984 inquit
690 913 743 980 ille,
755 930 805 968 non
816 923 852 968 est
864 915 895 969 ul
909 914 945 969 eis
956 915 1076 979 alienam,
1091 914 1134 986 qni
1144 914 1313 986 oltenrpcrant
1326 917 1349 971 ei
1355 933 1365 981 ;
1381 918 1511 988 potiusque
1525 919 1568 973 ille
1581 919 1642 972 dicit
1655 920 1750 985 eliens,

101 1013 155 1083 qui
167 1028 224 1066 cum
233 1011 301 1066 dicut
310 1010 381 1077 bene,
395 1010 453 1064 sirit
467 1010 543 1064 mole.
560 1007 731 1078 Quoscumque
748 1008 814 1061 enirn
827 1006 975 1072 benedicit,
989 1007 1043 1078 ejus
1055 1007 1193 1079 mugituri
1206 1008 1320 1065 uidentur
1339 1011 1450 1082 ingenio,
1470 1010 1514 1066 sed
1527 1011 1558 1066 el
1571 1012 1626 1082 ejus
1640 1013 1752 1068 stoebe

114 1105 198 1158 alioue
211 1113 270 1158 ιιιιιι
284 1100 335 1173 (De
347 1099 423 1155 Dect.
439 1099 544 1165 clariss,
556 1100 599 1154 lib.
613 1099 641 1165 ι,
654 1115 712 1169 cup.
722 1097 767 1165 29,
779 1097 871 1171 ιιι).

148 1198 249 1253 Tomus
260 1212 295 1253 ex
309 1196 508 1266 hugrrstioianis
520 1194 639 1251 decimus
654 1195 695 1283 his
712 1197 880 1253 sermonibus
896 1197 991 1268 partim
1004 1196 1096 1263 dictis,
1110 1198 1206 1269 partim
1220 1199 1344 1268 dietatis,
1361 1202 1408 1276 qui
1421 1219 1469 1274 per
1484 1205 1623 1263 interualla
1636 1207 1751 1266 dirersis

112 1298 140 1346 ot
152 1288 320 1360 temporibus
336 1297 365 1345 et
378 1287 508 1344 classibus
523 1289 550 1343 in
562 1287 656 1360 uulgus
667 1287 839 1361 prodierunt,
854 1290 1003 1347 constabat.
1016 1290 1131 1347 Eosdem
1144 1291 1187 1348 bic
1200 1293 1356 1351 exhibemus
1373 1313 1470 1354 norum
1485 1299 1512 1354 in
1525 1300 1647 1358 ordinem
1657 1302 1751 1359 distri·

112 1385 201 1450 botes,
215 1397 271 1454 quo
283 1391 312 1439 et
323 1381 470 1439 secundum
483 1381 625 1453 genuinam
638 1396 714 1438 suam
728 1386 824 1438 scriem
837 1382 1022 1454 disponuntur,
1038 1392 1068 1440 et
1079 1385 1112 1440 ab
1123 1384 1280 1443 adulterinis
1292 1389 1416 1446 omuibus
1427 1406 1459 1447 ac
1474 1393 1648 1463 supposititiis
1660 1397 1751 1466 sejun-

112 1486 220 1550 guntur.
235 1477 271 1535 Ut
284 1487 373 1533 autem
384 1492 400 1533 e
413 1485 486 1533 tomo
499 1471 603 1532 decime
615 1476 659 1532 ubi
672 1475 827 1548 legebantur
838 1486 928 1546 autea,
944 1478 971 1533 in
985 1478 1106 1550 quintum
1130 1480 1201 1538 hunc
1212 1496 1259 1537 eos
1279 1484 1502 1553 transterremus,
1523 1488 1601 1560 longa
1620 1488 1752 1546 delibera·

114 1572 185 1627 tione
197 1586 251 1627 nou
263 1584 331 1642 opus
344 1571 402 1626 luit.
419 1570 524 1626 Etenim
537 1585 597 1624 cum
612 1569 732 1642 plerique
753 1569 780 1626 in
801 1571 965 1641 scriptoram
987 1587 1091 1628 sacram
1112 1572 1209 1630 inerint
1227 1574 1324 1644 babiti,
1341 1593 1356 1632 a
1372 1581 1527 1636 tractatibus
1546 1583 1610 1638 tomi
1630 1585 1700 1639 tertii
1721 1595 1750 1642 et

112 1666 200 1736 quarti
213 1664 309 1737 quibus
323 1664 417 1721 eadem
431 1664 476 1720 illa
490 1664 641 1735 exponitur,
656 1664 756 1735 quique
767 1664 911 1720 maximam
925 1675 1027 1736 partem
1041 1667 1198 1723 concionum
1209 1666 1321 1724 sormam
1342 1687 1397 1742 prm
1417 1687 1447 1728 se
1468 1673 1569 1742 lerunt,
1585 1676 1689 1748 longius
1702 1693 1748 1734 rs·

112 1757 214 1813 moveri
224 1756 428 1829 haudquaquam
444 1765 576 1828 poterant.
592 1757 628 1811 at
640 1770 705 1812 seru
716 1756 817 1813 diutius
831 1757 960 1814 haesimus
969 1757 1058 1825 dubii,
1071 1769 1099 1814 ut
1113 1760 1217 1816 illorum
1231 1762 1353 1820 ordinem
1372 1766 1476 1836 tetiam
1490 1783 1621 1825 annorum
1633 1787 1684 1827 usu
1702 1788 1748 1829 re·

112 1856 218 1921 ceptum
232 1849 387 1917 immutare,
400 1864 432 1905 ac
445 1856 498 1904 tarn
512 1849 620 1914 multos,
636 1864 705 1921 ques
719 1849 843 1921 legitimis
855 1851 971 1907 insertos
983 1852 1162 1909 Louatrienses
1176 1853 1235 1910 loco
1247 1871 1300 1912 non
1316 1871 1463 1925 mouerant,
1477 1864 1551 1933 quasi
1564 1864 1751 1937 nethosatqne

113 1945 215 2001 :rhenos
223 1944 339 2016 rejicere
354 1943 380 1998 in
395 1944 514 1999 animum
527 1942 725 1999 induceremus.
737 1943 793 1999 Nes
804 1959 870 2000 sane
883 1943 993 2000 minime
1008 1944 1140 2016 rugiebat,
1152 1948 1217 2017 quin
1232 1957 1260 2003 ut
1273 1959 1390 2020 caeptum
1404 1950 1517 2009 leliciter
1530 1954 1653 2024 caderet,
1666 1958 1750 2014 ardna

111 2040 278 2112 disceptatio,
294 2056 406 2111 quaeque
416 2040 529 2095 multum
544 2041 671 2111 temporis
683 2048 711 2096 et
724 2041 904 2097 meditationis
916 2042 1045 2114 exigeret,
1057 2051 1128 2098 esset
1138 2043 1307 2101 adhibenda:
1322 2062 1353 2103 ac
1369 2058 1498 2119 praeterea
1515 2052 1661 2108 timendum
1672 2055 1751 2110 side·

113 2136 200 2203 hatur,
210 2151 248 2192 me
261 2136 361 2191 criticis
376 2136 470 2206 spinis,
483 2150 518 2192 ex
532 2136 628 2207 quihus
639 2135 797 2207 plerumque
810 2138 923 2191 maxima
936 2137 1022 2192 oritur
1032 2138 1233 2194 contentionum
1245 2154 1337 2211 seges,
1353 2141 1559 2212 implicaremur.
1574 2145 1674 2201 Verum
1687 2162 1750 2202 ctam

112 2232 227 2301 suseepti
241 2232 267 2286 iu
281 2231 473 2302 augustiniana
488 2246 568 2304 opera
585 2229 684 2287 laboris
698 2230 838 2286 consiliunt
850 2230 898 2285 tria
908 2231 1076 2303 potissimum
1090 2242 1203 2302 spectet,
1212 2249 1272 2304 quae
1284 2235 1360 2291 nobis
1373 2238 1462 2292 statim
1472 2238 1506 2293 ab
1519 2238 1595 2294 initio
1608 2242 1750 2311 proposui·

113 2340 182 2391 mus,
197 2333 225 2382 et
237 2324 375 2396 bucusque
385 2333 515 2395 prestare
529 2339 622 2380 sumus
634 2324 739 2390 conati,
753 2324 878 2379 nimirum
892 2333 921 2379 ut
933 2338 964 2379 ea
976 2325 1081 2381 mendis
1095 2333 1288 2397 expurgentur,
1302 2328 1405 2384 meliori
1426 2329 1521 2386 ordine
1544 2347 1624 2402 quam
1644 2332 1750 2390 lucrant

111 2418 275 2490 digerantur,
286 2417 401 2488 denique
415 2416 575 2488 supposititii
590 2414 659 2472 letus
673 2416 707 2472 ab
719 2416 829 2471 aliorum
841 2431 952 2473 numero
962 2428 1152 2488 segregentur;
1163 2418 1241 2474 uobis
1253 2433 1306 2473 nou
1317 2419 1365 2474 luit
1378 2419 1507 2491 irttegrum
1519 2423 1545 2477 in
1554 2422 1606 2479 hec
1615 2424 1753 2480 solamine

112 2515 225 2584 primam
235 2512 363 2570 duntaxat
376 2513 456 2570 oflicii
472 2513 557 2569 nostri
568 2521 673 2585 partem
687 2511 829 2582 attingere,
844 2510 905 2566 aliis
923 2510 1027 2566 duabus
1040 2512 1238 2582 praetemrissis,
1252 2527 1320 2584 quas
1333 2513 1440 2585 quidem
1458 2515 1486 2571 iu
1499 2515 1690 2586 sermonibus,
1704 2518 1751 2575 ubi

111 2619 139 2664 et
156 2604 224 2664 ordo
242 2607 369 2673 deterior,
382 2616 409 2663 et
422 2607 508 2677 maior
525 2606 583 2662 ueri
604 2604 716 2676 falsique
737 2604 867 2672 ιοιιιιιιιο,
882 2605 1022 2661 strictioris
1041 2621 1120 2677 quam
1138 2606 1164 2661 iu
1181 2608 1286 2664 ceteris
1303 2607 1379 2663 libris
1392 2610 1557 2666 necessitatis
1571 2624 1631 2667 esse
1645 2613 1752 2684 negabit

113 2716 203 2762 tremo,
554 2723 556 2726 ·

147 2792 223 2864 Quod
234 2792 268 2850 ad
282 2793 413 2860 ordinem,
427 2788 547 2866 quisquis
557 2807 617 2848 cum
632 2805 703 2848 noso
716 2797 832 2847 veterem
843 2804 1004 2860 componere
1017 2805 1069 2846 uon
1083 2790 1246 2862 gravabitur,
1261 2789 1374 2863 plurima
1387 2799 1413 2848 et
1427 2793 1516 2864 gravia
1528 2793 1587 2865 ejus
1600 2795 1665 2852 uitia
1677 2796 1752 2854 nullu

112 2889 218 2960 negotio
239 2886 432 2958 deprehendet.
458 2882 658 2940 hrrlmadvertet
679 2882 835 2948 Sermones,
847 2881 891 2953 qui
914 2880 1079 2938 commodius
1091 2882 1117 2936 in
1130 2888 1246 2954 quatuor
1258 2882 1359 2939 classes
1369 2890 1538 2950 revocantur,
1555 2886 1583 2941 iu
1595 2885 1750 2956 duodecim,

112 2996 226 3051 spirarum
237 2978 297 3036 alim
311 2978 399 3036 debita
420 2977 480 3034 aliis
496 2985 650 3048 argumenta
670 2975 857 3055 continebant,
877 2974 960 3029 htisse
979 2971 1131 3028 distmctes.
1150 2975 1283 3044 Agnosces
1300 2974 1400 3042 libros,
1411 2990 1478 3047 ques
1490 2977 1645 3042 summme
1659 2975 1749 3033 Vertis

113 3071 231 3139 hesdrai,
245 3072 318 3127 etde
336 3068 424 3126 Verbis
440 3069 570 3141 apomeli,
585 3065 769 3123 tantummodo
790 3075 894 3138 partem
915 3065 1056 3136 complecti
1075 3079 1229 3122 sermonum
1242 3081 1335 3123 eorum
1346 3109 1353 3134 ‚
1365 3067 1412 3138 qui
1425 3068 1459 3123 ad
1470 3067 1551 3124 hosce
1564 3067 1653 3125 titulos
1666 3074 1754 3140 perth·

112 3166 229 3219 rtehaaut:
243 3163 374 3234 itahelliget
392 3160 538 3218 Sermones
550 3159 584 3216 de
595 3158 694 3228 Testis,
708 3173 768 3214 com
784 3172 831 3213 ees
845 3158 871 3212 in
886 3157 986 3214 classes
999 3157 1030 3212 dc
1043 3156 1166 3229 Tempore
1183 3167 1212 3215 et
1233 3158 1265 3214 de
1283 3159 1385 3216 Sanctis
1404 3169 1512 3218 coactos
1529 3163 1707 3233 oportuisset,
1723 3163 1753 3218 in

111 3256 179 3312 alias
188 3265 289 3327 septem
301 3265 347 3311 aut
358 3264 419 3312 octo
432 3254 595 3325 dissipatos;
610 3260 684 3309 etex
698 3251 872 3308 Sermouibus
884 3251 998 3322 amplius
1008 3250 1125 3323 triginta,
1134 3251 1181 3324 qui
1193 3251 1228 3310 dc
1238 3251 1315 3311 lestis
1327 3254 1510 3325 Pascbalibus,
1523 3264 1554 3312 ut
1564 3255 1616 3313 boc
1629 3258 1755 3327 exemplo

112 3359 227 3413 utamur,
243 3349 433 3415 inscribuntur,
449 3346 569 3404 nonnisi
588 3346 682 3402 decem
702 3346 729 3401 in
748 3345 817 3402 serie
836 3344 870 3400 dc
890 3344 1022 3416 Tempore
1036 3345 1165 3413 inueniri;
1182 3346 1250 3403 alios
1266 3363 1346 3416 uere,
1360 3349 1456 3422 siquis
1470 3364 1565 3407 omnes
1582 3350 1710 3408 evolvere
1725 3351 1754 3407 in

113 3444 203 3497 arnmo
217 3441 336 3508 haberet,
348 3442 419 3497 inter
432 3438 623 3513 quinquaginta
637 3437 767 3493 Romilius
778 3479 786 3504 ,
797 3437 824 3492 in
838 3436 996 3493 collectione
1010 3435 1169 3493 Sermonum
1182 3453 1197 3492 a
1210 3437 1406 3496 parisiensibus
1419 3439 1586 3508 additurum,
1599 3441 1626 3497 in
1639 3451 1755 3511 utraque

112 3543 190 3606 parte
202 3533 296 3590 elassis
306 3531 341 3589 de
353 3532 488 3599 Diversis,
502 3546 534 3587 ac
545 3531 572 3587 in
587 3529 779 3602 posterioribus
793 3528 923 3585 elassibus
938 3528 1166 3600 pervestigantes.
1182 3529 1240 3587 Non
1257 3540 1344 3589 nmen
1357 3533 1541 3591 confusionem
1555 3535 1624 3590 hauc
1633 3534 1754 3590 mirabe-

113 3627 160 3693 ris,
174 3625 198 3682 si
210 3624 364 3682 consideres
377 3638 451 3680 cosa
465 3623 561 3695 quihus
572 3623 630 3678 istae
643 3621 743 3678 classes
755 3621 883 3678 institutae
896 3633 968 3688 sunt,
985 3621 1085 3680 habere
1096 3624 1122 3679 in
1137 3622 1258 3681 manibus
1276 3641 1443 3697 nequaquam
1456 3631 1573 3699 potuisse
1584 3627 1752 3699 exemplaria

113 3719 232 3775 eternium
248 3715 388 3789 Augustini
401 3716 575 3782 concionum;
586 3714 683 3788 quippe
700 3729 760 3786 qne
775 3712 912 3772 codicibus
933 3712 1018 3771 lerme
1037 3713 1200 3784 immmeris,
1216 3716 1288 3774 uude
1309 3718 1480 3789 posunodum
1491 3719 1573 3776 variis
1586 3718 1757 3790 temporibus

113 3821 197 3869 erues
211 3811 384 3883 collectaeque
396 3808 512 3874 luerunt,
527 3809 739 3864 continerentur.

150 3904 216 3963 Tres
242 3905 341 3975 primas
363 3903 480 3968 classes,
491 3902 617 3957 nimirum
632 3903 665 3956 de
681 3901 773 3956 Verbis
788 3901 909 3967 bontini,
924 3898 958 3956 de
972 3900 1067 3957 Verbis
1080 3902 1216 3972 Apostoli,
1232 3911 1259 3958 et
1274 3902 1447 3959 honriliarum
1461 3903 1672 3975 quinquaginta,
1689 3915 1754 3958 cum

114 4001 141 4056 in
157 3995 344 4068 manuscriptis
357 4009 489 4051 annerum
505 3994 717 4065 octingentorum
733 4002 760 4049 et
773 3993 889 4063 amplius
902 3993 1081 4063 reperiantur,
1091 3992 1214 4063 antiquas
1223 4008 1286 4050 esse
1300 3993 1409 4050 induciari
1422 4009 1477 4051 uou
1488 4008 1631 4067 possumus
1644 4010 1652 4048 a
1665 4002 1693 4049 at
1705 4006 1769 4052 eas.

114 4091 263 4166 hrrgustino
275 4088 401 4163 aequales,
415 4089 486 4161 quod
499 4088 593 4144 uolunt
610 4088 729 4144 nonnulli
741 4130 749 4154 ,
762 4086 832 4141 haud
847 4085 924 4142 facile
937 4086 1126 4144 concedemus.
1140 4086 1232 4155 erahis
1245 4088 1317 4144 enim
1332 4087 1488 4146 eorumdem
1502 4103 1655 4146 sermonum
1668 4088 1755 4144 sancti

115 4189 238 4246 bostaris
249 4193 328 4243 aetate
341 4183 407 4241 ordo
421 4183 518 4252 luerit,
532 4198 588 4241 uun
599 4182 706 4239 aliunde
719 4182 821 4239 certius
834 4180 897 4237 licet
908 4196 1086 4255 cognoscere,
1099 4197 1178 4252 quam
1192 4197 1224 4237 ex
1240 4178 1328 4238 lodice
1351 4182 1481 4252 Pessimi,
1504 4183 1549 4254 qui
1570 4182 1671 4239 classes
1694 4181 1755 4238 illas

115 4282 226 4338 orttnino
238 4293 326 4352 neque
340 4286 489 4344 memorat,
502 4291 589 4348 neque
600 4275 731 4348 sequitur.
746 4273 846 4330 harum
868 4273 948 4329 trium
967 4272 1039 4329 noth
1063 4285 1117 4329 uon
1139 4273 1220 4330 hahet
1241 4273 1407 4344 subdititios,
1421 4289 1537 4346 quorum
1549 4273 1632 4346 aliqui
1644 4272 1756 4329 caesarii

116 4375 282 4435 hrelatcusis
293 4373 411 4447 episcopi
424 4372 514 4428 stilum
526 4371 643 4442 sapiunt.

152 4467 252 4525 Classis
263 4466 298 4523 de
311 4465 407 4523 Verbis
417 4463 522 4520 homiui
543 4478 596 4518 nou
619 4459 717 4518 eodem
730 4458 824 4516 ordine
845 4473 984 4516 sermones
995 4457 1094 4530 ubique
1106 4458 1133 4514 in
1146 4457 1258 4514 vetustis
1276 4459 1472 4529 exemplaribus
1492 4456 1621 4518 ostendit.
1635 4457 1755 4514 Plurima

117 4579 179 4622 curn
201 4559 361 4620 editionibus
375 4558 563 4623 consentiunt,
579 4555 627 4612 sed
640 4570 693 4611 non
707 4555 806 4610 omnia.
824 4554 880 4610 hoc
895 4555 980 4626 ipsum
997 4570 1030 4610 cs
1049 4554 1142 4610 loeisa
1158 4553 1244 4621 Beda,
1264 4553 1357 4619 idest,
1372 4568 1388 4609 a
1402 4554 1492 4622 Floro,
1507 4553 1641 4626 excerptis
1653 4552 1756 4622 optimu

117 4638 493 4731 catalectarantbovauienscs
505 4650 633 4722 Theologi
646 4669 652 4703 :
665 4663 788 4706 uosucro
800 4649 922 4720 ipsismet
934 4647 1018 4705 ucrrlis
1041 4647 1067 4702 in
1089 4646 1215 4718 singulari
1234 4656 1261 4703 et
1279 4648 1410 4718 exquisito
1430 4647 1522 4704 codice
1544 4663 1577 4703 es
1600 4645 1754 4703 colbertina

115 4750 276 4811 bibliotheca
286 4755 380 4804 notato
390 4745 473 4810 2821,
483 4752 511 4802 et
523 4745 557 4800 ab
571 4744 659 4806 anuis,
674 4753 703 4799 ut
715 4742 871 4807 minimum,
886 4741 1045 4813 octingentis
1056 4750 1181 4807 exarato,
1195 4739 1243 4794 ubi
1254 4739 1347 4795 eadem
1359 4741 1402 4796 illa
1421 4741 1504 4798 series
1513 4755 1575 4797 cum
1587 4739 1658 4795 Flori
1670 4739 1755 4795 colle·

116 4845 205 4901 wenc
216 4841 349 4912 congruit,
364 4846 394 4896 ct
405 4836 476 4894 uude
490 4851 543 4892 ιιοιι
557 4848 658 4908 paucos
673 4847 813 4890 sermones
834 4832 1048 4902 exprompsimus
1071 4830 1200 4886 hactenus
1219 4828 1353 4898 ineditos,
1373 4830 1606 4903 deprehendimus.
1622 4828 1755 4887 Germana

117 4939 211 5008 prime
225 4934 306 5004 hujus
317 4929 411 4989 classis
425 4927 574 4999 inscriptio,
587 4941 648 4981 cum
661 4923 749 4992 Thoti,
764 4932 820 4978 ιιιιιι
834 4922 1074 4993 manuscriptorum
1087 4921 1155 4977 bene
1172 4921 1316 4977 multorum
1329 4921 1480 4978 testimonio
1492 4920 1681 4993 comprobata,
1696 4919 1756 4974 hacc

117 5036 193 5090 erat,
208 5025 241 5081 ds
256 5020 343 5079 Verbis
353 5018 487 5091 Euonqelii
499 5016 589 5088 :quod
603 5015 743 5087 Augustini
764 5028 860 5084 uenrpe
880 5012 1121 5069 commentationes
1135 5013 1162 5068 in
1175 5027 1256 5069 unaue
1276 5028 1360 5086 genus
1380 5013 1500 5069 locorum
1512 5028 1528 5068 e
1542 5020 1656 5084 quatuor
1668 5010 1760 5066 Eran-

118 5118 196 5190 gehis
208 5117 351 5189 petitorum
363 5111 569 5181 complectatur.

155 5214 311 5280 Quanquam
324 5215 415 5262 autem
429 5202 574 5260 Sermones
585 5200 619 5257 de
633 5198 728 5255 Verbis
742 5197 846 5281 Domini
862 5197 888 5252 in
903 5196 1098 5269 exemplaribus
1111 5197 1269 5268 quibusdam
1282 5199 1402 5270 reperire
1413 5207 1455 5256 est
1468 5198 1527 5254 sine
1539 5197 1713 5256 sermonibus
1722 5196 1761 5255 de

123 5302 218 5359 Verbis
231 5298 367 5370 apostoli:
384 5296 432 5353 hos
443 5294 536 5351 'tanuen
552 5305 682 5364 nusquam
697 5289 816 5362 reperias
829 5290 880 5346 nisi
901 5305 962 5347 cum
983 5289 1035 5345 illis
1055 5289 1091 5346 ita
1110 5291 1277 5360 coniunctos,
1289 5301 1317 5346 ut
1332 5299 1393 5362 post
1405 5294 1599 5363 sexagesimum
1613 5299 1759 5362 quartum,

122 5411 176 5462 ιιιιιι
187 5391 271 5450 series
284 5390 319 5447 de
332 5389 430 5446 Verbis
442 5385 547 5443 beurim
562 5381 742 5449 concluditur,
760 5382 861 5453 primus
875 5380 909 5438 de
921 5380 1017 5438 Verbis
1029 5383 1148 5454 hpostoli
1161 5383 1259 5454 ubique
1272 5392 1427 5438 numeretur
1439 5383 1619 5455 sexagesimus
1632 5380 1762 5452 quintus,

123 5483 268 5549 secundus,
283 5481 464 5552 sexagesimus
478 5487 587 5542 sextus;
600 5485 626 5532 ct
640 5475 680 5531 sic
692 5473 726 5530 de
737 5473 842 5530 caeteris
854 5492 861 5528 :
875 5488 988 5544 quorum
1000 5488 1053 5529 uera
1066 5489 1160 5530 omues
1172 5473 1206 5529 de
1220 5473 1307 5529 arrhis
1320 5475 1456 5546 Apostoli,
1471 5474 1518 5531 scd
1530 5474 1628 5547 partim
1638 5472 1673 5532 de
1685 5475 1764 5533 Acti·

122 5581 173 5635 hirs
184 5573 371 5649 Apostolorum
381 5614 390 5639 ,
402 5573 499 5642 partim
519 5569 599 5624 etiam
618 5567 652 5624 dc
670 5565 758 5623 serbis
771 5565 858 5631 Petri,
878 5563 989 5633 iacobi,
1009 5578 1041 5620 ae
1055 5563 1180 5633 loannis,
1192 5580 1225 5620 es
1239 5564 1365 5635 Epistolis
1383 5566 1553 5637 eorumdem,
1568 5574 1650 5642 agunt
1662 5583 1669 5621 :
1682 5565 1721 5624 ita
1733 5579 1766 5626 ut

123 5671 183 5741 duae
196 5661 249 5727 illas¹
258 5668 358 5727 classes
367 5663 431 5722 nihil
445 5662 517 5719 aliud
532 5661 585 5719 siut
597 5675 675 5731 qnam
690 5658 849 5717 Sermonum
863 5656 1064 5730 inscriptorum
1080 5656 1142 5714 uosi
1155 5654 1319 5718 Testamenti
1330 5658 1463 5718 collectio.
