3728 6276
721 262 833 322 sunno
850 262 971 321 cccxn.

143 391 277 458 ditatibus,
301 400 328 446 et
349 389 411 445 iecit
429 402 476 443 ras
490 383 658 441 inhonorem
673 381 739 436 rutile
755 376 821 434 do-'

142 511 161 549 1,
177 481 210 537 td
223 483 302 537 omne
316 494 383 550 opus
395 477 494 534 bonum
509 484 628 547 pannum
643 471 680 546 (ll
695 470 762 525 Tim.
776 485 806 536 ιι,

142 574 196 629 ιιιιο
206 581 329 644 tanquam
343 571 462 641 ingratus
473 569 530 622 haec
539 566 634 632 ,taenia
649 563 724 619 Absit
736 560 806 616 enirn

142 679 226 720 »scens
237 663 318 718 [ιιιιιιιι
332 676 386 717 uon
399 660 467 716 sicut
479 658 561 713 ileum
572 655 731 726 glorificaret
742 669 749 706 t
761 650 808 706 sed

142 755 205 826 qil,
221 751 331 824 pristina
344 765 393 807 sua
414 763 467 805 non
488 749 568 818 impie
588 745 730 802 resorbens
749 757 809 813 quae

142 856 168 912 ιι,
186 844 233 901 scd
247 845 291 915 pie
306 841 499 913 recolensque
513 846 670 894 nudaverat.
681 834 808 891 Scribens

149 937 262 993 amicum
278 949 374 1002 suum,
389 942 420 989 ut
432 941 460 989 et
480 930 539 1003 ipse
551 946 584 986 ex
599 928 724 992 tenebris,
739 917 808 996 quod

142 1045 170 1097 e,
181 1028 263 1085 'lieret
276 1026 359 1084 insin
375 1025 487 1080 liomiuo
503 1039 510 1076 ι
524 1021 589 1093 Epo,
604 1019 698 1090 inquit,
713 1033 768 1072 cunr
782 1017 809 1069 in

142 1119 254 1192 utqueiu
267 1127 338 1173 nocte
351 1131 418 1171 caca
435 1115 556 1188 jurarat,
581 1124 685 1182 maique
706 1108 734 1162 in
755 1107 810 1161 tulo

153 1211 240 1267 saculi
252 1209 412 1264 nutabundus
426 1222 456 1261 tte
470 1205 561 1259 duliae
572 1201 681 1272 uatiqiis
692 1201 810 1256 obman-

142 1313 275 1367 tctuarent,
301 1300 359 1354 uita
377 1313 440 1353 ntea
457 1297 564 1361 narina,
585 1295 736 1349 ventadour
747 1290 810 1345 lucis

142 1395 195 1449 »Et
209 1393 287 1466 paulo
300 1401 361 1464 post
374 1408 381 1445 :
396 1388 465 1444 diurn
478 1399 506 1442 ut
517 1389 581 1460 ipsc,
592 1384 687 1457 inquit,
697 1381 811 1453 plurimis

142 1487 261 1557 apriorh
279 1482 404 1539 moribus
423 1481 567 1553 iutplictttut
587 1475 705 1538 tentia,
722 1471 811 1542 quibus

142 1595 145 1628 t
166 1594 239 1651 poste
251 1593 300 1632 non
320 1574 463 1640 crederent,¹
486 1572 521 1626 sic
542 1569 608 1625 uitiis
628 1564 811 1621 odhmmtiiut

142 1671 198 1723 lunt
224 1684 303 1730 erant,
328 1673 350 1720 et
370 1663 544 1734 desperatione
567 1659 709 1722 atcliorum,
735 1653 809 1709 utalia

142 1761 224 1831 utiam
238 1758 346 1829 propriis
358 1772 388 1809 ac
402 1753 543 1809 uernaculis
556 1749 702 1823 udiuoelmt
714 1745 810 1818 (Epist.

142 1853 270 1925 lunulam).

142 1944 174 2001 JT
192 1943 236 1999 ht.
248 1944 316 1998 —5.
333 1940 381 1995 aa
393 1938 475 2012 qratia
487 1953 618 1992 coueerms
630 1940 710 2007 facturr
723 1944 758 1987 ert
770 1949 812 1986 oe-

142 2035 236 2090 riauur.
257 2035 328 2088 Ecce
348 2033 453 2103 qualern
466 2027 623 2101 cyprianum
636 2025 756 2080 Christus
771 2023 812 2076 iu-

142 2139 200 2181 ecce
214 2122 248 2178 ad
261 2124 365 2194 qualern
383 2123 498 2176 animam
514 2114 712 2188 percutiendam
729 2121 756 2168 ct
768 2127 812 2167 sa-

142 2241 144 2275 ι
163 2218 207 2272 ille
227 2216 375 2271 cratlicator
393 2221 420 2269 et
437 2211 568 2282 plantator
588 2206 709 2263 accessit.
723 2203 814 2274 Neque

142 2318 212 2366 astra
225 2308 299 2373 dicit,
316 2305 371 2377 'qu
384 2304 506 2365 occidam,
519 2312 544 2356 et
556 2317 601 2373 eqo
613 2299 694 2353 uiuere
706 2296 814 2366 luciane·

142 2401 251 2463 ratium,
266 2405 288 2452 et
303 2413 347 2468 epo
361 2394 455 2449 sanabo
471 2391 568 2466 (licat.
582 2405 667 2455 xutt,
678 2385 731 2457 39)
747 2404 753 2439 :
769 2394 815 2440 aut

142 2491 169 2546 in
187 2491 334 2546 futororum
355 2487 435 2558 ligura
451 2485 483 2540 ad
495 2481 637 2540 ieremiam
650 2480 748 2535 dictum
762 2486 812 2541 est,

142 2580 224 2635 nstitui
238 2589 260 2632 ta
275 2578 349 2631 indic
361 2593 436 2646 super
450 2584 533 2647 qenter
543 2582 565 2626 ct
577 2587 664 2642 reone,
677 2568 814 2631 eradicare,
831 2569 834 2578 '

142 2673 199 2738 iere,
226 2681 249 2725 ct
275 2669 387 2742 perdere,
414 2677 437 2722 et
463 2665 626 2733 reedificare,
654 2672 678 2715 ct
702 2661 816 2732 plantare

151 2779 170 2828 ι,
186 2762 242 2835 lli).
258 2761 378 2817 Accessit
391 2774 455 2830 ergo
469 2757 501 2811 ad
517 2756 589 2812 iilam
603 2753 718 2808 animam
731 2750 817 2805 eradi-

142 2864 198 2924 tque
210 2853 356 2922 plantator;
369 2858 396 2905 et
406 2844 502 2904 euertit
516 2856 632 2902 retorem
645 2841 815 2913 Cyprianum,

142 2961 172 2999 ue
183 2943 218 2998 ihi
232 2941 403 2996 laudamento
415 2939 474 3010 ipso
488 2953 527 3001 se,
545 2950 644 2991 norum
659 2931 817 3004 cyprianum

142 3035 172 3089 rit
191 3035 272 3099 inse,
291 3043 317 3087 ct
332 3031 443 3085 rerum¹
465 3027 625 3098 Cyprianum
648 3025 708 3078 lecit
731 3039 764 3077 ex
778 3039 817 3076 se.

152 3125 223 3181 euim
245 3124 309 3179 dicit
329 3121 458 3186 Ecclesia,
485 3118 576 3172 Botrar
599 3115 670 3187 cypri
692 3110 821 3183 fratruelis

142 3215 201 3271 iarn.
217 3232 235 3280 t,
250 3214 304 3288 lh).
316 3213 427 3281 Quando
440 3226 503 3281 ergo
516 3210 559 3264 ille
570 3208 654 3263 laetus
666 3213 707 3261 est
717 3221 732 3259 a
743 3201 821 3259 Chri·

142 3307 260 3369 lolianus,
271 3314 335 3360 tuuc
347 3318 410 3359 uere
432 3303 515 3357 lactus
535 3309 576 3355 est
599 3299 679 3353 etiarn
701 3309 716 3348 a
739 3307 821 3366 cypro

142 3416 191 3455 nrs.
200 3396 299 3453 Christi
309 3394 379 3450 eninr
390 3395 476 3449 honus
487 3390 553 3446 odor
561 3388 647 3444 iactus
657 3395 698 3442 est
710 3386 738 3440 in
750 3384 822 3439 omni

142 3493 191 3545 icut
203 3490 241 3544 ait
255 3484 390 3559 apostolus
412 3483 507 3540 Paulas
523 3501 530 3537 ε
545 3482 589 3552 qui
605 3479 684 3536 etiam
699 3478 755 3548 ipsc
774 3475 822 3531 de-

142 3592 207 3638 sest
222 3589 385 3652 persecutor,
400 3585 426 3632 et
438 3573 583 3631 edificatus
596 3581 637 3627 est
656 3568 821 3640 praedicator.

157 3673 250 3743 inquit,
266 3673 343 3725 latras
355 3675 418 3723 odor
432 3681 519 3721 mutus
532 3661 586 3718 Deo
597 3662 623 3714 in
638 3659 706 3714 omui
719 3659 785 3723 loco,
800 3666 824 3711 et

142 3765 164 3817 ui
175 3760 238 3818 sulci
252 3763 332 3831 punt,
346 3771 367 3813 et
378 3760 405 3812 in
418 3758 450 3812 ιιι
462 3756 505 3828 qai
517 3762 620 3826 pereunt
635 3750 714 3806 :aliis
725 3748 825 3820 quidem

142 3867 172 3912 tte
186 3857 213 3910 in
227 3855 314 3918 uitam,
327 3851 385 3906 aliia
398 3859 480 3903 autent
495 3848 559 3901 odor
571 3843 657 3898 mortis
669 3842 697 3896 t'n
709 3849 824 3894 mortem.

142 3963 185 4002 rac
196 3947 251 4016 qais
263 3945 367 3998 idoneus
377 3939 410 4011 (ll
422 3937 482 3995 Cor.
492 3953 521 4001 u,
536 3936 570 3992 ii
580 3945 603 3989 et
614 3933 680 4004 liiii
691 3931 741 3987 ulti
755 3931 825 3985 enim

142 4053 201 4094 nrrru
216 4034 343 4091 imiuutdo
357 4033 478 4087 riserunt
490 4047 497 4084 z
509 4027 552 4083 alii
566 4026 696 4098 Cypriane
709 4020 827 4077 inuidea-

142 4133 236 4186 ierunt.

145 4221 189 4278 tir
207 4219 251 4276 tt.
262 4248 297 4258 -
308 4217 334 4272 l.
357 4215 398 4270 iis
417 4213 511 4287 [armti
529 4220 627 4265 oratore
640 4208 722 4280 suctus
733 4203 828 4278 pradi-

142 4312 227 4367 hrirn'.
243 4311 281 4365 liii
295 4310 364 4374 laus,
380 4306 416 4362 illi
439 4305 534 4378 gloria,
554 4301 599 4373 qui
619 4299 734 4354 aniruam
757 4295 829 4352 serti

142 4424 147 4439 ·
171 4405 248 4461 hdctu
269 4399 438 4474 justillcando
457 4397 526 4453 cruit
546 4395 580 4450 ab
601 4391 700 4462 impiis,
716 4399 744 4444 et
767 4385 831 4443 lecit

142 4512 173 4551 ιιιι
188 4509 273 4560 suam,
288 4495 339 4546 hoe
350 4499 391 4544 est
403 4487 517 4559 gladium
535 4484 577 4539 bis
594 4491 718 4543 acutum;
737 4487 766 4534 ut
784 4492 832 4546 pet·

142 4590 244 4660 ingoara
260 4583 368 4641 stultitia
383 4579 506 4638 Gentium
516 4575 614 4632 nudata
628 4574 764 4637 leniretur,
784 4585 833 4641 per

142 4680 215 4750 prius
234 4686 302 4732 tecta
322 4683 401 4744 atque
423 4670 508 4725 relata
530 4666 639 4737 pulchra
661 4660 832 4734 prudentibus

142 4783 201 4839 tnr3
216 4781 295 4840 atque
317 4777 347 4822 ut
367 4763 463 4834 eloquii
485 4770 538 4815 tarn
559 4757 656 4812 nobilis
674 4757 834 4810 instrumen-

142 4880 176 4921 uo
184 4861 299 4919 ruinosis
307 4856 433 4914 doctrinis
441 4851 632 4909 demoniorum
640 4846 745 4919 indigna
755 4857 834 4898 orna·

152 4955 259 5018 ilehant,
274 4953 300 5008 in
313 4947 515 5005 aedificationem
528 4946 728 4998 conuerteretur
739 4933 833 4991 Eccle-

142 5061 170 5099 ua
182 5049 320 5099 crescente
338 5039 382 5094 iiia
397 5037 566 5099 laberentur3
582 5040 609 5088 et
622 5037 652 5086 ut
670 5035 748 5084 unta
762 5023 834 5081 noeis

144 5152 204 5209 qaae
220 5135 365 5192 lacensium
392 5128 590 5186 mendaciorum
606 5122 750 5180 certamina
765 5119 836 5175 sole·

142 5242 212 5283 :uere
224 5267 231 5291 ,
245 5225 279 5280 ad
294 5220 516 5296 prosternentium
541 5215 663 5290 pretiosis
683 5222 836 5269 sanctorum

142 5333 182 5375 rus
198 5318 332 5375 diabolum
347 5314 453 5371 Christo
470 5313 613 5367 militantes
631 5316 659 5364 et
670 5308 697 5362 in
712 5307 769 5377 ipso
781 5305 838 5376 glo·

142 5427 153 5468 s
165 5412 277 5468 devotos
290 5416 421 5477 martyres
432 5404 569 5460 excitaret.
581 5400 652 5455 inter
665 5413 732 5470 quos
745 5397 839 5467 etipse

142 5518 211 5570 rurus,
231 5501 306 5572 cujus
328 5499 371 5569 pio
391 5506 417 5551 et
438 5505 540 5560 sancto,
554 5507 607 5546 non
627 5491 682 5561 jam
705 5487 839 5543 iahulosos

153 5601 310 5657 emovente,
325 5588 372 5646 sed
386 5586 516 5643 dominica
539 5584 597 5638 luce
610 5581 730 5638 radiante
743 5592 839 5636 aceen-

143 5709 199 5771 ti,et
207 5706 302 5760 ιιιιιωι
315 5701 402 5756 uellus
410 5699 501 5767 aliqum
512 5702 611 5761 tum-rt
619 5708 717 5749 arun.

1581 270 1651 326 lter

859 378 1115 452 dehautureloquio,
1132 381 1269 437 moriendo
1290 383 1518 454 ttxtt,judteatus
1529 385 1647 455 judicent

860 471 1005 538 superarit.
1030 472 1210 528 adversarium
1231 489 1371 544 percussus
1386 477 1464 542 uicit,
1480 484 1647 550 mortemque

860 563 964 620 occisus
977 564 1084 620 occidit.
1098 565 1148 635 Qui
1159 567 1230 622 enirn
1245 568 1271 622 in
1285 567 1349 623 ludo
1362 570 1542 639 perversitatis
1557 571 1649 626 huma.

861 670 902 709 nae
913 663 942 710 et
952 669 1028 712 auam
1042 665 1069 712 ot
1078 657 1190 713 aliorum
1204 658 1308 731 linguas
1318 659 1444 716 docuerat
1456 661 1527 734 loqui
1540 661 1649 718 menda-

860 747 942 814 ciuru,
956 757 988 803 ut
999 749 1068 819 qnod
1083 749 1117 804 ab
1128 750 1282 808 aduersario
1291 753 1461 823 objiceretur,
1475 765 1561 811 astrata
1574 755 1650 812 ialla-

861 839 901 895 cia
916 848 1068 912 negaretur,
1080 842 1135 913 jaro
1149 843 1176 898 in
1188 844 1238 899 alia
1252 843 1342 901 schola
1356 846 1485 903 didicerat
1497 848 1650 905 conlitentto

861 929 979 987 devitare
999 931 1190 989 aduersarium.
1211 934 1263 991 llhi
1286 937 1356 991 euim
1369 937 1468 994 Christi
1479 955 1575 996 nomen
1590 941 1648 996 ini-

863 1020 946 1078 micus
967 1025 1098 1080 conuertit
1113 1026 1140 1079 in
1158 1027 1270 1091 crimen,
1287 1028 1321 1082 ihi
1341 1030 1501 1099 suppliciunt
1523 1031 1648 1088 Christus

861 1113 993 1168 conuertit
1002 1114 1029 1170 in
1043 1115 1160 1172 laudem.

896 1202 1010 1261 entur
1024 1204 1055 1260 ll.
1068 1235 1105 1248 --
1123 1207 1150 1263 5.
1173 1206 1284 1263 Victoria
1301 1219 1442 1282 marturam
1464 1211 1496 1268 de
1518 1211 1649 1269 doemoniir

862 1311 937 1364 maur
957 1312 1025 1350 nanc
1047 1296 1156 1353 cuidem.
1179 1298 1214 1354 Et
1234 1300 1257 1356 si
1280 1299 1367 1356 adhue
1391 1303 1530 1375 quisquam
1555 1307 1649 1376 qnmrit

863 1382 930 1440 lortc
942 1385 1002 1456 quis
1015 1385 1118 1455 vicerit,
1130 1396 1159 1443 ut
1169 1386 1289 1444 onrittam
1303 1405 1414 1462 regnunt
1424 1393 1533 1450 coeiestc
1544 1404 1650 1450 sancto·

863 1490 932 1544 rurn,
946 1475 1016 1547 quad
1030 1477 1149 1535 iulidelcs
1162 1480 1272 1536 credere
1284 1481 1392 1550 rtolrtnt,
1411 1485 1471 1553 quio
1492 1483 1583 1541 ridere
1595 1501 1649 1542 non

864 1579 975 1638 possunt
985 1585 993 1635 ;
1005 1584 1075 1625 nunc
1087 1571 1113 1626 in
1123 1572 1173 1627 ista
1184 1581 1264 1638 terra,
1283 1572 1309 1628 iu
1328 1573 1377 1631 ista
1398 1575 1461 1640 ιιιι,
1475 1576 1501 1631 in
1513 1577 1648 1643 domibus,

864 1660 890 1713 in
903 1660 993 1731 agris,
1008 1662 1035 1716 in
1049 1662 1199 1720 ciuitatibus
1212 1665 1237 1720 in
1249 1665 1314 1721 orhe
1333 1676 1482 1732 terrarum,
1503 1684 1567 1727 ecce
1587 1680 1651 1728 siunt

864 1747 996 1806 lerrentes
1013 1753 1178 1810 laudationes
1198 1765 1344 1828 triartyrurn
1356 1774 1364 1812 ι
1378 1757 1422 1813 uhi
1443 1769 1506 1815 sunt
1529 1759 1651 1818 iat-entes

863 1842 1045 1898 accusationes
1063 1843 1223 1914 impiorum?
1235 1844 1305 1902 Ecce
1324 1848 1547 1918 quemadmodum
1564 1852 1651 1906 hono·

863 1942 956 1989 natatur
972 1934 1107 1990 memorias
1128 1948 1343 2007 peccacatorum,
1357 1956 1428 1996 nunc
1454 1942 1492 1998 illi
1510 1945 1652 2001 ostendant

864 2021 933 2076 idola
943 2022 1141 2080 daemoniorum.
1152 2026 1220 2093 Quid
1228 2027 1414 2098 eisjudicaudo
1426 2029 1518 2087 lactari
1527 2037 1653 2105 suucqni

864 2127 955 2170 eorum
969 2116 1065 2186 templa
1078 2118 1215 2176 moriendo
1229 2122 1400 2176 everterunt?
1412 2123 1550 2193 Quomodo
1559 2141 1650 2185 eorum

864 2205 1117 2274 strperhas-iallacias
1126 2209 1318 2281 resurgentium
1327 2211 1438 2268 militant
1446 2229 1553 2270 suorum
1563 2216 1654 2286 splen·

865 2293 929 2350 dore
942 2295 1087 2364 damnabit,
1103 2300 1147 2370 qui
1159 2315 1252 2356 eorum
1264 2302 1396 2359 iumautes
1412 2320 1473 2360 aras
1482 2307 1651 2366 morientinru

865 2387 992 2456 sangiune
1005 2390 1147 2446 exstinxitl

901 2475 1014 2534 CAPUT
1030 2478 1072 2533 Vi.
1086 2510 1122 2521 -
1134 2481 1160 2537 li.
1173 2480 1315 2554 Cyprianus
1322 2485 1439 2540 doctrina
1453 2498 1477 2542 et
1487 2490 1652 2562 euenrploiu·

867 2579 904 2624 ter
917 2581 1039 2644 rrrurtprer
1057 2574 1212 2644 precellens.
1229 2576 1311 2633 Corus
1324 2579 1433 2652 sepulcri
1451 2581 1540 2651 ipsias.
1559 2581 1654 2641 Gratia

868 2661 987 2724 beneficia
1004 2663 1031 2717 in
1056 2665 1220 2736 Cypriacam.
1242 2667 1370 2723 licitatum
1389 2667 1513 2726 Ecclesia
1532 2685 1654 2743 quantuni

868 2750 955 2806 dilexit
966 2751 1118 2825 Cyprianus.
1141 2755 1211 2813 inter
1225 2756 1274 2812 has
1288 2758 1385 2814 Christi
1399 2758 1523 2831 legiones
1534 2763 1655 2819 heatissi·

868 2859 928 2899 mus
939 2844 1087 2917 Cyprianus
1100 2848 1279 2919 gloriosorum
1292 2851 1442 2921 pretiorum
1459 2851 1655 2925 doctoretglo·

870 2937 956 2991 riosus
970 2937 1027 3006 ipsc
1047 2938 1197 3007 praeliator,
1211 2939 1245 2994 ita
1261 2939 1331 3012 quod
1348 2940 1465 2999 iacturas
1478 2952 1535 3000 erat
1550 2944 1656 3012 docuit,
1697 3005 1699 3007 ,

870 3035 898 3081 ct
908 3027 978 3097 quod
990 3026 1117 3084 docuerat
1136 3028 1213 3095 iccit;
1227 3040 1257 3085 ut
1271 3040 1298 3085 et
1310 3032 1336 3085 in
1352 3032 1440 3088 rerhis
1455 3034 1576 3091 docentis
1591 3052 1659 3106 prc-

872 3128 1026 3174 nosecretur
1044 3120 1149 3176 animus
1165 3122 1300 3194 martyris,
1322 3133 1349 3178 ct
1371 3124 1398 3178 in
1418 3124 1506 3180 animo
1534 3126 1659 3197 patientis

871 3214 1225 3284 recognoscerentar‘rerha
1241 3215 1367 3271 doctoris.
1388 3215 1446 3273 Non
1465 3218 1537 3272 enim
1558 3229 1616 3276 erat
1629 3218 1662 3274 si-

873 3306 943 3361 milis
961 3321 1063 3370 eorum,
1077 3305 1111 3361 tle
1131 3306 1228 3378 quihus
1249 3307 1376 3362 hominus
1393 3308 1430 3363 ait
1447 3326 1453 3362 :
1471 3307 1535 3374 Qua
1555 3309 1660 3374 dicunt,

874 3398 963 3470 [acite3
978 3414 1035 3469 qua
1047 3407 1131 3452 uatem
1145 3398 1261 3467 fuciunt,
1285 3397 1363 3452 nolite
1374 3401 1459 3470 fucere
1471 3415 1481 3453 .·
1493 3399 1578 3452 dicunt
1596 3399 1663 3454 ruint

874 3495 897 3541 et
912 3487 1069 3558 nonfaciaut
1082 3486 1275 3558 (traianum,
1290 3488 1329 3557 5).
1346 3488 1396 3542 iste
1406 3489 1467 3557 quia
1485 3488 1607 3554 credidit,
1620 3488 1662 3542 io·

875 3589 951 3632 cutus
964 3587 1021 3642 cst;
1032 3577 1094 3647 quia
1106 3576 1212 3632 iocatus
1223 3588 1283 3642 est,
1298 3592 1390 3648 passus
1402 3587 1452 3635 est.
1469 3578 1526 3634 iloc
1539 3592 1603 3651 ergo
1615 3579 1663 3635 do·

876 3669 931 3724 cuit
952 3668 978 3723 in
989 3670 1053 3735 rita,
1067 3668 1137 3738 quod
1155 3667 1230 3734 iecit,
1245 3679 1272 3724 et
1293 3668 1419 3726 tractactu
1437 3671 1464 3725 in
1477 3680 1578 3736 morte,
1592 3673 1664 3742 quoti

876 3757 976 3813 docuit.
993 3757 1031 3812 lili
1044 3758 1111 3824 lans,
1126 3755 1164 3813 iili
1177 3758 1277 3830 gloria,
1293 3759 1405 3815 Domino
1418 3761 1472 3817 ilco
1486 3769 1596 3829 nosue,
1609 3764 1666 3832 regi

877 3851 1034 3904 saeculorum
1044 3891 1052 3917 ,
1063 3849 1176 3905 creatori
1190 3859 1217 3906 et
1233 3851 1377 3906 recreatori
1393 3851 1529 3907 hominum
1540 3894 1548 3921 ,
1558 3853 1603 3923 qui
1617 3866 1668 3908 suo

879 3939 925 3996 tali
935 3940 1052 3996 antistite
1066 3939 1143 4011 hujus
1153 3940 1267 3996 civitatis
1281 3941 1429 3997 Ecclesiam
1442 3942 1553 4009 ditavit,
1568 3951 1595 3999 et
1609 3951 1663 3999 ιιιιι

878 4043 971 4089 sancto
984 4047 1097 4106 corpore
1114 4033 1193 4106 huius
1207 4033 1258 4090 ioci
1275 4033 1475 4104 anrpiitudinent
1489 4037 1666 4093 consecrarit.

881 4122 919 4179 illi
932 4125 997 4189 laus,
1014 4123 1050 4179 iiii
1062 4123 1156 4195 gioria,
1167 4125 1212 4195 qui
1226 4124 1348 4197 dignatus
1360 4125 1488 4180 estilium
1501 4126 1587 4182 uirum
1600 4141 1669 4198 pra·

880 4214 1014 4270 destinare
1037 4215 1106 4270 inter
1128 4224 1234 4271 sanctos
1257 4231 1321 4271 suos
1343 4225 1406 4272 ante
1426 4225 1563 4287 tenrpora,
1577 4232 1669 4274 creare

881 4305 951 4361 inter
960 4305 1081 4362 homines
1094 4317 1242 4377 opportuno
1257 4316 1395 4377 tempore,
1410 4322 1506 4363 vocare
1516 4317 1668 4378 errantem,

881 4399 1012 4456 mundare
1034 4399 1215 4465 sordentem¹,
1238 4399 1354 4455 lorrnare
1379 4398 1550 4466 credentem,
1572 4400 1671 4458 docem

883 4493 1060 4556 obedientem,
1076 4506 1169 4563 regere
1182 4491 1339 4559 doocrrtem,
1352 4490 1478 4562 adjurare
1492 4503 1670 4562 pauitantem,

883 4598 1014 4640 coronare
1033 4584 1193 4638 vincentem.
1217 4581 1256 4637 lili
1270 4583 1346 4647 iaus,
1363 4581 1399 4637 illi
1416 4581 1517 4652 gloria,
1537 4582 1581 4653 qui
1601 4582 1672 4639 hune

885 4675 963 4729 taient
978 4672 1057 4736 lecit,
1072 4674 1097 4726 in
1110 4685 1163 4743 quo
1175 4673 1290 4728 maxime
1304 4670 1459 4728 ostenderet
1479 4672 1604 4728 Ecclesia
1616 4687 1673 4728 sure

885 4767 989 4838 qllantis
1003 4764 1081 4820 malis
1090 4763 1247 4836 opponenda
1258 4774 1285 4819 et
1297 4764 1404 4835 quantis
1414 4772 1485 4820 esset
1495 4763 1571 4819 bonis
1582 4763 1671 4820 chari·

887 4869 927 4912 urs
943 4854 1137 4927 praeponenda,
1151 4865 1178 4911 et
1191 4869 1269 4926 quam
1290 4854 1361 4910 nulla
1374 4865 1446 4910 esset
1464 4853 1580 4909 charitas
1594 4854 1674 4910 Chri·
1704 4837 1707 4843 ⁵

886 4950 982 5015 stinni,
996 4964 1011 5003 a
1023 4963 1075 5020 quo
1095 4963 1148 5004 nou
1166 4946 1343 5004 custodiretur
1360 4947 1448 5002 ιιιιιιιι
1466 4947 1576 5003 Christi.
1589 4945 1675 5015 Qunam

889 5042 928 5096 sic
942 5041 986 5095 ille
996 5038 1103 5106 dilexit,
1120 5048 1185 5095 utet
1206 5038 1282 5094 malis
1301 5054 1350 5110 pro
1362 5039 1491 5094 charitate
1504 5053 1556 5092 non
1580 5052 1674 5108 parce·

888 5141 942 5197 ret,
954 5139 982 5185 et
994 5129 1078 5186 maios
1097 5145 1144 5200 pro
1162 5145 1227 5200 pace
1241 5128 1383 5194 tolerarct;
1398 5139 1425 5185 et
1439 5128 1547 5183 liberio
1562 5126 1675 5184 dicendo

890 5221 959 5293 quod
973 5221 1030 5292 ipsc
1040 5222 1160 5284 sentiret,
1170 5229 1197 5274 et
1209 5217 1334 5290 pacilicus
1347 5219 1374 5273 in
1387 5217 1519 5273 audiendo
1533 5217 1602 5288 quod
1623 5216 1677 5272 ira-

891 5322 945 5367 tres
957 5312 1057 5368 seutire
1069 5318 1251 5381 cognosceret.
1267 5308 1361 5364 hierito
1374 5307 1401 5363 in
1415 5307 1532 5363 Ecclesia
1546 5305 1675 5363 catholica

891 5403 958 5457 tanti
973 5401 1083 5458 honoris
1099 5397 1284 5455 celsitudinem
1303 5396 1419 5463 meruit,
1432 5397 1509 5467 cujus
1521 5396 1676 5452 concordis-

891 5494 989 5549 simum
1012 5489 1144 5546 uinculum
1163 5499 1235 5544 tarrta
1259 5488 1407 5544 hnmilitate
1421 5488 1546 5544 servarit.
1560 5489 1669 5561 Quapro

893 5629 1060 5758 &pipam
1082 5629 1121 5681 ¹¹¹⁰
1142 5635 1169 5680 0¹
1190 5625 1260 5692 lanio
1281 5623 1343 5679 luha
1363 5626 1524 5678 roedtumtur
1544 5636 1576 5677 er
1600 5635 1680 5678 mnu.
