3728 6276
147 226 198 282 'ddi

768 224 796 280 S.
817 224 997 282 auousttttt
1017 230 1166 290 nctetoct

151 340 314 409 paritoriam
328 341 455 413 virgineus
470 343 558 408 reuit,
580 343 695 398 nonium
709 342 935 399 desiderabatura
990 360 1044 398 cem
1054 396 1061 413 ,
1072 347 1134 402 dicit
1145 349 1269 409 Dominus
1280 358 1442 415 coercitauru.
1455 360 1523 429 Quid
1533 374 1592 433 εει,
1605 366 1661 423 iaia

148 433 400 502 r·urutisgeutibus;
414 435 474 502 uaria
487 434 603 487 raoradum
614 432 791 489 crediderant.
808 433 934 488 Dissensi-

988 437 1041 492 nisi
1057 448 1190 496 terrenum
1204 442 1272 501 sorte
1284 447 1382 517 aliquid
1397 457 1520 522 uuquam
1541 453 1624 527 digito
1641 473 1661 513 o

148 530 211 576 arato
225 532 313 583 eatam
327 524 469 594 Eraugelo
490 541 537 593 per
548 539 642 579 omaus
651 535 761 595 gentes,
776 525 802 580 in
814 525 936 581 omnibus
988 527 1056 595 Quid
1071 534 1142 586 euim
1158 543 1245 602 potest
1266 541 1395 595 contineri
1412 543 1487 610 loco,
1511 546 1561 601 naci
1581 560 1661 619 corpu

145 612 269 681 gentihus·
283 613 440 669 desiderium
453 615 512 685 ejus
525 616 687 671 accenditur.
702 615 752 671 Per
761 631 853 671 omncs
863 617 934 670 euim

988 620 1102 677 absurde
1114 637 1178 694 ergo
1190 626 1309 682 ultimam
1328 635 1548 691 resurrectionem
1561 651 1661 709 corpor

146 714 240 772 gentes
254 715 281 761 et
294 715 375 768 suut,
391 716 418 762 ει
430 719 509 763 crunt
522 708 598 763 electi
620 709 678 777 ejas
692 710 712 773 ¹,
727 709 771 778 qui
786 711 935 763 totocorde
987 711 1111 782 ligimus,
1136 731 1188 786 qua
1219 717 1354 775 beatitudo
1379 723 1572 792 perfectissima
1600 739 1661 785 terta

144 796 171 853 iu
185 800 305 854 oratioue
318 799 426 861 dicant,
442 801 563 855 Adueniet
576 817 680 872 regnum
691 811 762 855 tuam
775 799 881 873 (Mattio.
894 818 931 868 ιιι,

145 887 198 957 ld).
213 889 265 944 Sed
285 893 385 961 primus
396 892 526 946 aaiveutus
537 892 745 947 misericordiam
760 893 932 963 preserniua-

144 981 181 1035 uit
195 981 296 1050 judicio
312 1000 318 1035 ε
337 984 362 1038 in
378 999 431 1053 arro
441 984 541 1054 judicio
555 983 663 1039 secundi
678 983 808 1038 adventus
824 983 931 1039 claritas

137 1074 279 1132 eminebit.
301 1075 377 1130 i‘rios
391 1090 456 1146 ergo
469 1075 610 1146 oportebat
622 1075 722 1129 mareri
736 1073 851 1139 eaelum,
869 1088 930 1128 cum

141 1183 201 1223 eram
217 1167 333 1237 Angelus
346 1174 513 1236 concepturae
523 1163 623 1236 Virgini
637 1164 786 1230 numiarit,
800 1179 861 1220 eum
876 1163 931 1217 ila·

139 1273 187 1326 gas
198 1259 230 1313 ad
245 1274 305 1313 eum
324 1255 488 1312 adoraudum
510 1255 586 1312 stella
599 1255 738 1325 perduxit,
757 1271 817 1310 cum
838 1267 929 1308 rursus

140 1348 233 1418 angeli
250 1356 340 1402 tratum
353 1348 504 1418 pastoribus
519 1347 669 1402 indicarunt
682 1366 689 1402 ε
703 1347 803 1402 moveri
818 1355 925 1409 terram,

128 1457 199 1497 :cum
207 1441 266 1508 eius
276 1440 410 1496 miraculis
420 1439 572 1494 turbaretur
582 1456 589 1493 :
599 1439 700 1493 moveri
710 1453 793 1501 mare,
806 1449 866 1491 cum
877 1437 928 1492 istc

139 1534 253 1589 mundus
258 1531 487 1603 persecutionibus
494 1530 617 1586 tremeret
627 1549 632 1582 :
643 1530 741 1586 moueri
748 1529 859 1595 aridam,
866 1544 926 1584 cum

131 1627 164 1680 ‘iu
176 1640 237 1680 cum
248 1623 387 1680 credentes
396 1622 527 1677 esurirent
538 1621 696 1691 sitirentque
703 1619 832 1689 justitiam
845 1636 852 1673 :
867 1633 925 1673 uro·

136 1712 925 1785 ucrideniqueomnesgeutes,cumErangcliumejususque

135 1821 241 1878 quauue
252 1806 424 1861 discurreret.
437 1803 513 1858 Tunc
523 1801 620 1858 deiude
637 1803 740 1858 reniret
754 1800 924 1857 Desideratus

136 1899 399 1968 omnihusguntihns,
408 1898 475 1951 sicut
485 1895 617 1965 Propheta
626 1894 821 1964 pronuntiante,
832 1903 924 1948 verutu-

134 1999 238 2045 rusest.
247 1990 282 2045 Et
290 1986 544 2058 implebiturdurnus
551 1986 600 2041 ista
608 1983 785 2057 gloria,idest,
794 1983 920 2039 Ecclesia.

170 2081 284 2138 CAPUT
303 2079 372 2135 vltt.
383 2110 418 2120 -
428 2079 471 2134 ll.
486 2078 583 2132 saram
595 2085 619 2131 ει
637 2086 767 2146 argentum
778 2076 920 2146 allegorice.

130 2172 333 2242 ¹Couseaneuter
365 2171 454 2239 innare
478 2168 607 2239 subjecit,
642 2165 729 2221 licam
755 2175 791 2222 est
812 2183 919 2230 namna,

128 2272 157 2318 -et
172 2280 254 2319 menas
264 2272 299 2318 est
313 2271 453 2333 argeutum.
467 2260 561 2314 (imanis
575 2258 645 2312 enim
658 2257 785 2325 sapientia
799 2272 858 2326 quac
870 2271 919 2309 uo-

133 2357 205 2410 mine
214 2354 270 2409 auri
287 2353 395 2424 figurate
409 2351 591 2420 significatur,
607 2357 634 2403 et
645 2348 744 2420 eloquia
758 2346 860 2401 Douaini
868 2348 920 2399 elo-

129 2446 190 2516 quia
203 2451 292 2507 casta,
312 2450 443 2515 arpentum
457 2441 514 2512 ipae
531 2439 663 2511 probatam
677 2447 764 2502 tara,
785 2445 919 2506 purgatum

132 2534 277 2605 septupium
290 2530 377 2603 (Pani.
391 2546 429 2594 ιιι,
444 2530 483 2600 l):
500 2543 579 2583 οιιιιιε
594 2541 659 2594 ergo
678 2529 729 2581 talc
741 2536 879 2596 argeutum
891 2534 918 2580 et

129 2641 223 2680 ararum
238 2639 290 2679 uon
304 2631 347 2679 est
368 2622 519 2688 harrniuum,
535 2620 581 2675 sed
605 2619 725 2683 homiui,
742 2627 770 2672 ut
793 2620 916 2689 guardam

129 2717 281 2790 implebitur
293 2716 388 2770 domus
400 2713 498 2783 gloria,
521 2712 566 2782 arri
590 2711 731 2782 gloriatur,
754 2712 780 2765 iu
804 2710 917 2765 Dorrriuo

128 2810 255 2881 glorietur
266 2807 300 2880 (ΙΙ
315 2805 375 2862 Cor.
391 2822 419 2870 x,
433 2806 488 2876 li).
506 2804 573 2871 Quia
587 2803 658 2860 euim
673 2803 796 2859 sacerdos
804 2803 850 2859 ille
860 2817 915 2857 ma-

127 2916 209 2972 guus,
224 2901 320 2956 domus
334 2897 412 2966 hujus
424 2896 598 2962 inhabitator,
620 2896 748 2950 Dominus
767 2904 858 2952 noster
870 2895 915 2953 ie·

126 3007 173 3048 sus
187 2992 326 3055 Christus,
342 2997 450 3061 propter
472 2988 585 3044 reditum
601 2986 732 3055 hominis,
752 2989 796 3059 qui
812 3004 858 3059 per
870 3005 915 3045 su-

126 3084 244 3155 perbiam
258 3083 292 3138 de
303 3080 423 3151 paradiso
435 3080 532 3134 exierat
543 3120 550 3139 .
563 3093 591 3133 sc
604 3078 690 3148 ipsam
702 3078 850 3150 uxetrrplmu
866 3080 914 3135 hu·

125 3176 245 3232 militatis
266 3173 385 3246 praebere
410 3171 532 3241 dignatus
554 3180 614 3235 est,
644 3170 714 3239 quod
743 3179 854 3226 testatur
886 3173 912 3227 iu

124 3266 267 3339 Evaragelio
280 3267 408 3330 clamans,
419 3263 512 3317 Discite
532 3280 548 3316 a
570 3279 609 3316 me
627 3263 745 3332 quoniam
759 3263 826 3318 uritis
840 3280 907 3331 sam,

124 3372 146 3414 ea
160 3357 261 3413 nundin
275 3357 352 3412 corde
372 3353 482 3427 (lintri.
507 3369 554 3418 xa,
575 3353 636 3424 hilp
660 3368 694 3408 ue
718 3354 777 3424 quis
792 3353 859 3409 lorte
885 3355 911 3410 iu

125 3452 204 3505 domo
216 3449 293 3520 ejus,
316 3445 344 3502 id
357 3453 416 3507 cst,
440 3445 468 3500 iu
485 3444 620 3508 Ecclesia,
646 3442 669 3498 sl
689 3441 752 3513 quid
777 3443 912 3514 sapienter

123 3533 238 3604 potuerit
248 3533 290 3588 rel
304 3530 404 3587 sentire
416 3529 458 3585 rel
469 3528 575 3594 dicere,
596 3528 669 3597 qrrasi
689 3542 735 3582 sua
749 3529 856 3598 propria
869 3529 910 3583 vi-

122 3629 178 3681 deri
192 3627 283 3680 volens
296 3623 451 3687 extollatur3
469 3620 557 3676 videte
574 3631 670 3691 quantita
684 3620 814 3676 medicina
829 3621 853 3676 ei
867 3621 908 3676 di·

121 3720 190 3772 citur
202 3736 215 3770 a
232 3715 345 3770 Domino
361 3712 433 3780 ileo,
447 3710 534 3767 licum
554 3720 590 3764 est
603 3725 708 3778 aunam,
724 3719 747 3764 et
768 3727 850 3765 meum
872 3720 910 3765 est

119 3815 260 3877 arigernum.
288 3805 334 3859 Sic
347 3802 420 3858 enim
441 3800 487 3857 tet
510 3799 581 3870 qnod
593 3800 714 3871 sequitur
723 3801 744 3867 ¹,
768 3809 799 3855 ut
817 3818 910 3871 stragas

119 3901 153 3952 sit
177 3899 258 3969 gioria
272 3896 361 3950 duntur
383 3894 456 3950 iatius
479 3892 621 3947 noniesiuue
639 3893 696 3962 pius
715 3908 791 3962 puana
809 3894 906 3962 paura.

120 3992 207 4045 Prirua
221 3989 292 4042 einim
305 3986 417 4049 donnaus,
428 3983 523 4048 idest,
535 3983 607 4038 circs
618 3992 729 4038 terrenae
741 3981 887 4037 ierusalem
898 4025 906 4048 ,

119 4086 187 4138 sicut
201 4079 345 4150 Apostolus
354 4077 428 4142 dicit,
439 4076 583 4142 ignorantes
594 4073 642 4128 bea
649 4074 789 4144 justitiam,
802 4084 826 4129 et
835 4091 908 4129 suunt

116 4174 240 4247 justitiam
255 4178 392 4239 ᾳιειειιιει
411 4165 579 4231 canatum,
591 4163 699 4235 justitia
715 4162 764 4219 aa
784 4181 835 4220 noa
848 4174 908 4220 eant

117 4264 220 4329 sethiani
237 4259 324 4331 (Rana.
339 4275 367 4325 x,
380 4257 420 4327 ὅ).
431 4255 523 4311 Videte
530 4257 553 4312 si
566 4271 618 4311 nou
630 4255 674 4312 isti
683 4255 746 4310 dum
756 4270 833 4312 snum
846 4272 907 4313 csse

119 4359 210 4411 dierunt
222 4367 315 4408 ararum
327 4361 355 4406 et
368 4358 523 4421 argeutum,
547 4363 601 4403 nou
623 4356 764 4418 potuerunt
777 4348 811 4405 ad
824 4357 904 4406 ειειν

118 4464 177 4500 naam
203 4445 312 4516 gloriam
337 4442 432 4498 domus
455 4441 607 4497 norissima
631 4441 781 4510 peruenire.
804 4440 905 4498 Tamen

116 4556 175 4594 vum
199 4539 263 4594 dicit
284 4536 432 4606 Propheta,
455 4534 552 4606 lingna
564 4534 611 4588 erit
629 4533 710 4606 gloria
732 4535 905 4593 damasiaius

115 4635 256 4687 aaz-ustura
270 4628 328 4700 plne
342 4643 417 4700 mam
431 4626 539 4698 pune,
560 4639 610 4681 uec
622 4625 706 4696 ipsam
720 4627 833 4697 primam
847 4629 905 4684 siue

115 4729 200 4791 :aliana
210 4723 293 4796 gloria
313 4721 394 4776 hrisse
403 4719 579 4775 demonstrat.
594 4718 660 4774 Nam
670 4718 704 4774 de
718 4719 762 4774 illa
777 4720 904 4792 loqueba-

115 4831 156 4873 tur
168 4817 249 4872 etiam
263 4812 405 4883 Apostolus
415 4851 423 4876 ,
435 4825 495 4865 cram
508 4809 609 4865 dictaret
623 4827 631 4864 :
647 4808 678 4866 Sl
690 4811 756 4865 mina
765 4811 833 4881 guod
844 4826 904 4867 eea.

113 4917 213 4974 tuetur,
226 4903 385 4977 pergloriaru
398 4909 453 4967 eat,·
467 4901 635 4970 multomagis
660 4900 729 4971 qnod
754 4912 849 4972 manet,
876 4904 903 4959 in

113 5001 193 5070 pluria
206 4997 253 5053 erit
268 4994 300 5066 (lt
313 4992 374 5050 Gor.
387 5007 428 5058 ιιι,
443 4992 501 5062 ιι).

146 5087 260 5145 CAPUT
278 5085 323 5141 tlt.
336 5083 426 5138 -te
440 5080 500 5137 Par
521 5082 646 5154 proruisse
664 5090 720 5154 post
737 5087 900 5140 emunito.

113 5197 180 5234 arem.
210 5178 311 5234 Versus
337 5185 426 5230 autem
449 5172 578 5239 ultimos,
601 5187 655 5244 qrro
687 5175 737 5228 iste
762 5174 902 5245 Prophetae

113 5284 201 5327 sermo
213 5266 396 5331 concluditur,
413 5263 447 5318 tta
457 5269 484 5318 tn
506 5263 561 5318 ioco
573 5263 639 5330 isto,
654 5264 756 5333 inqiut,
770 5267 834 5321 doio
853 5283 901 5338 pe·

144 5404 151 5432 ¹
162 5399 230 5458 aliti,
245 5404 289 5447 rer
303 5408 386 5445 annea
397 5392 459 5443 adm
470 5399 551 5458 gentes
560 5399 630 5444 ernnt
640 5391 710 5466 electi
724 5393 776 5456 das
783 5407 792 5457 ,·
803 5394 899 5456 onrlsso,

110 5470 133 5515 et
144 5468 207 5517 sunt,
219 5467 252 5516 ει,
263 5457 327 5521 quod
336 5469 367 5505 ex
379 5456 533 5504 ιιεειιιειιεεει
550 5463 589 5504 ars.
602 5463 760 5525 restituamus.
885 5518 890 5529 .

143 5527 199 5573 'sie
209 5522 377 5570 (terrraaueusis
388 5525 428 5566 tls.
446 5516 504 5564 Fatiti
524 5524 615 5572 autem,
635 5519 711 5567 cauete
721 5523 810 5578 ιιιιιιιιιι
824 5517 900 5568 ιιιειιι-

111 5586 165 5636 cina
175 5584 198 5636 ei
208 5583 305 5633 datura
319 5579 424 5629 tornato
444 5586 522 5627 etcum
531 5585 574 5639 cst,
589 5585 637 5627 etc.
649 5577 687 5628 sic
700 5578 763 5630 num
778 5592 899 5645 cmm.

110 5656 158 5700 tur.
175 5654 205 5698 ot
216 5639 435 5708 naguuritgiora,
450 5648 498 5691 etc.

985 804 1091 873 arraudo
1105 806 1160 874 jam
1174 823 1225 863 nou
1238 812 1403 882 concupiscit
1415 829 1478 870 caro
1491 817 1618 875 adsersus
1632 835 1661 893 sp

985 907 1034 948 nce
1046 897 1154 964 spiritns
1168 898 1293 956 adversus
1307 916 1425 958 carnem.
1441 905 1497 962 lloc
1515 910 1586 964 enim
1600 926 1661 966 corr

984 981 1076 1040 induet
1096 986 1339 1060 incorruptionem,
1354 1003 1381 1049 et
1405 998 1516 1053 mortale
1538 999 1589 1056 hoc
1609 1002 1661 1058 inda

983 1077 1171 1134 mortalitatem
1198 1082 1292 1152 (icor.
1320 1101 1367 1149 xv,
1390 1089 1447 1159 53).
1462 1090 1520 1146 Nou
1543 1095 1595 1148 erit
1610 1096 1661 1152 alia

982 1166 1109 1222 membris
1121 1185 1271 1243 repugnans
1280 1175 1330 1245 legi
1342 1180 1438 1235 nasutis
1452 1195 1458 1233 :
1471 1183 1531 1252 qnia
1540 1184 1567 1237 ia
1578 1184 1635 1240 ioco
1647 1187 1661 1241 i

982 1272 1084 1324 pacem,
1094 1258 1154 1313 dicit
1169 1259 1293 1318 Domitius
1306 1268 1467 1323 exercituum.

1016 1348 1059 1404 lb.
1081 1350 1142 1403 duri
1149 1356 1335 1424 couhmptariu
1347 1358 1500 1427 propheticis
1509 1362 1598 1417 litteris
1607 1381 1661 1420 com

981 1447 1029 1493 tus.
1048 1439 1114 1496 Nam
1133 1442 1167 1498 de
1181 1454 1332 1514 contempta
1355 1451 1454 1505 terreni
1474 1453 1531 1507 auri
1546 1462 1573 1508 et
1591 1470 1661 1526 argei

979 1530 1116 1599 Propheta
1135 1533 1242 1600 dicant,
1267 1537 1327 1608 quis
1350 1538 1477 1597 adversus
1500 1542 1604 1600 divinas
1618 1562 1661 1603 rot

977 1621 1074 1676 surdus
1094 1631 1149 1688 est,
1165 1635 1194 1678 ut
1209 1626 1328 1695 ignoretl
1350 1628 1395 1685 Sic
1408 1631 1478 1685 enim
1494 1632 1531 1688 illi
1550 1635 1582 1689 ad
1595 1635 1661 1706 decit

977 1710 1098 1767 homiues
1110 1714 1143 1769 de
1157 1716 1284 1784 apostolo
1304 1717 1441 1787 proterunt
1454 1722 1524 1790 qarod
1547 1725 1598 1788 ait,
1622 1725 1661 1781 lla

975 1811 1058 1855 autem
1072 1803 1183 1857 ananiam
1194 1807 1317 1860 nmloruru
1330 1810 1451 1864 arentia:
1465 1828 1541 1882 msam
1553 1816 1658 1886 aaran

975 1900 1025 1957 tes,
1048 1893 1129 1960 ande
1150 1907 1352 1962 pererramnmt,
1376 1909 1400 1952 et
1420 1900 1577 1958 iurauerunt
1589 1921 1617 1960 se
1637 1905 1661 1962 da

974 1983 1059 2036 multis
1073 1982 1095 2054 (l
1109 1983 1174 2038 Tim.
1190 2002 1227 2053 rr,
1244 1987 1299 2056 to),
1316 1991 1389 2058 qarasi
1415 1992 1490 2050 iacile
1506 1995 1626 2052 iureuias
1647 2015 1661 2053 a

973 2073 1070 2129 librum
1084 2085 1203 2131 vetorum
1216 2077 1429 2149 Scripturamm,
1444 2083 1487 2139 ubi
1503 2102 1555 2141 raon
1565 2089 1661 2157 calpen

973 2164 1050 2231 ritia,
1064 2176 1092 2221 et
1111 2167 1189 2238 digua
1210 2173 1393 2227 exsecratione
1407 2174 1557 2233 damnetur.
1579 2179 1632 2234 Sed
1654 2198 1661 2238 ι

971 2268 1037 2310 auro
1049 2263 1076 2311 ει
1087 2267 1197 2328 argento
1216 2275 1286 2315 aruuc
1306 2262 1420 2332 questio
1433 2274 1491 2330 est,
1514 2282 1563 2322 cur
1577 2285 1630 2324 nou
1653 2286 1661 2326 a

971 2347 1126 2418 prophetam
1136 2350 1284 2418 dicentem,
1300 2353 1382 2409 Sedet
1394 2367 1523 2428 argentum
1537 2377 1625 2416 eoram
1637 2372 1661 2418 et

970 2454 1056 2492 eorum
1069 2457 1119 2493 uon
1129 2444 1219 2510 poterit
1229 2443 1382 2500 liberareeoa
1394 2448 1420 2501 in
1433 2448 1474 2502 die
1485 2451 1531 2504 iroe
1539 2451 1661 2527 bamam(

972 2543 1017 2589 rar,
1030 2529 1153 2600 llllliioc
1162 2532 1246 2588 solum
1257 2534 1279 2588 si
1292 2535 1430 2605 quisquam
1445 2539 1539 2594 sitiens
1550 2541 1651 2604 audiat.

969 2633 1020 2673 mae
1032 2634 1088 2675 suc
1099 2621 1223 2677 medullis
1235 2622 1373 2691 intendat,
1388 2642 1475 2682 norrue
1487 2644 1516 2684 se
1529 2642 1613 2686 totum
1628 2648 1644 2687 a
1657 2633 1661 2688 l

967 2709 1064 2765 mentis
1083 2710 1155 2767 falsas
1168 2713 1300 2771 felicitatis
1314 2715 1448 2782 alienans,
1475 2719 1500 2774 iu
1522 2723 1661 2791 amplexus

966 2808 1057 2856 retere
1070 2800 1176 2856 homine
1190 2813 1286 2860 exutus
1298 2816 1326 2860 ut
1350 2821 1379 2861 se
1393 2809 1590 2868 immortalitate
1600 2828 1661 2886 coep

966 2890 1124 2948 advocabit?
1146 2893 1198 2948 Sed
1212 2896 1274 2963 quid
1295 2897 1350 2964 jam
1372 2898 1470 2955 diutius
1484 2901 1518 2956 de
1532 2903 1583 2958 hac
1610 2920 1661 2976 qua

966 2983 1129 3038 tractemus?
1142 2981 1228 3040 Credo
1242 2999 1301 3040 esso
1313 2987 1480 3043 manifestum
1500 2989 1629 3048 charitati
1643 3008 1661 3048 n

964 3072 1167 3130 ilardchmorum
1182 3087 1281 3131 sectam
1297 3094 1350 3132 uou
1368 3081 1487 3146 ueritate,
1501 3082 1549 3139 sed
1563 3083 1657 3143 luade

964 3178 1024 3219 cum
1038 3166 1187 3236 imperitis.
1207 3178 1235 3222 ut
1249 3168 1399 3239 Scripturas
1413 3186 1465 3226 non
1480 3182 1550 3231 totas
1560 3175 1624 3231 totis
1635 3178 1656 3245 ¹,

960 3255 1097 3311 ¹veteribus
1109 3257 1267 3327 psalernum
1282 3259 1329 3314 sed
1342 3263 1661 3337 scnwruiasexcorpendo

964 3344 1037 3401 velut
1050 3345 1176 3403 aduersas
1187 3348 1237 3403 sibl
1252 3364 1312 3405 esse
1325 3361 1455 3407 conantur
1464 3353 1625 3425 ostendere,
1637 3366 1661 3412 ut

963 3437 1037 3507 piant
1050 3439 1198 3509 imperitos.
1207 3439 1284 3496 Nulla
1295 3450 1337 3499 εει
1351 3454 1441 3501 autem
1452 3444 1487 3501 do
1501 3447 1559 3518 ipso
1572 3447 1661 3505 Noro'

963 3536 1053 3584 mento
1064 3529 1106 3585 rel
1119 3531 1240 3599 Apostoli
1262 3531 1400 3602 Epistola,
1415 3536 1457 3591 rel
1479 3537 1559 3593 etiam
1582 3539 1648 3598 liber

961 3618 1039 3688 getii,
1061 3618 1095 3674 de
1114 3634 1167 3689 quo
1192 3634 1246 3675 non
1262 3623 1363 3690 possint
1382 3622 1432 3679 ista
1446 3625 1518 3692 lleri;
1544 3637 1572 3683 nt
1593 3630 1661 3700 aubi

961 3710 1099 3766 sententiis
1120 3710 1177 3780 ipse
1191 3727 1259 3767 uuus
1274 3714 1340 3769 liber
1354 3715 1403 3771 sibi
1425 3717 1545 3774 rideatur
1568 3735 1629 3777 esse
1641 3737 1661 3776 ει

961 3803 1033 3866 rius,
1048 3803 1098 3858 uisi
1119 3805 1179 3875 eius
1191 3816 1245 3860 tota
1269 3809 1404 3864 contextio
1416 3809 1618 3880 diligentissima
1642 3814 1661 3870 lc

961 3893 1106 3950 intentione
1119 3903 1254 3953 tractetur.

1211 4029 1324 4086 senno
1342 4031 1398 4086 ιι·
1415 4031 1465 4104 (a).

994 4139 1035 4196 lle
1048 4141 1182 4197 concordia
1197 4141 1414 4214 Euangeiietarana
1428 4144 1544 4200 llattluei
1556 4157 1580 4202 et
1593 4146 1661 4204 Luca

1151 4234 1365 4304 generationibus
1386 4235 1489 4293 [lornird
1505 4236 1553 4308 (ιι).

994 4344 1106 4401 CAPUT
1124 4344 1266 4401 Pnttttltt.
1277 4375 1314 4385 -
1330 4346 1356 4400 l.
1370 4345 1514 4402 Tractaada
1533 4351 1661 4419 ananiel

959 4437 1006 4490 situ
1018 4437 1045 4491 in
1058 4436 1186 4491 dienataii
1208 4437 1308 4492 Christi.
1336 4437 1544 4508 Spectaculorum
1566 4440 1661 4499 dies-E

958 4529 1099 4582 certionem
1113 4525 1253 4582 Claaritatis
1266 4538 1360 4582 restrae
1376 4530 1419 4584 ille
1435 4530 1557 4600 impleat,
1573 4532 1620 4603 qui
1644 4550 1661 4589 ε

959 4619 1005 4671 ιιι.
1019 4617 1073 4671 litsi
1094 4617 1164 4671 euim
1187 4632 1247 4686 aue
1260 4617 1371 4673 dicenda
1386 4628 1448 4675 sunt
1459 4621 1552 4690 robis,
1568 4637 1622 4678 uon
1636 4639 1661 4679 na

957 4707 1005 4762 sed
1022 4707 1067 4762 ilci
1081 4722 1140 4762 esse
1163 4709 1366 4776 ρειεειιιιιιιιιιιε;
1383 4720 1470 4765 tamen
1492 4712 1577 4767 multo
1598 4714 1661 4787 anag¹

957 4797 1086 4866 dicimus,
1100 4797 1171 4867 quod
1189 4797 1323 4852 humiliter
1336 4799 1400 4854 dicit
1412 4801 1577 4869 Apostolus¹
1592 4820 1601 4858 ε
1616 4801 1661 4859 lta

956 4890 1102 4943 thesaurum
1115 4889 1191 4944 istum
1202 4889 1301 4945 launa
1314 4891 1450 4959 pictilibus,
1464 4901 1492 4946 at
1503 4895 1661 4953 nasama

958 4976 1003 5034 Dei
1013 4982 1062 5047 ait,
1077 4989 1101 5035 et
1112 4996 1162 5035 nou
1177 4997 1208 5036 ec
1222 4981 1291 5035 ambis
1304 4981 1337 5050 (ll
1347 4981 1405 5036 Cor.
1419 4999 1455 5049 ιιι,
1469 4984 1508 5054 t).
1523 4984 1579 5042 Nota
1593 4987 1661 5045 dubl

956 5074 1043 5144 itaque
1056 5073 1210 5130 meminisse
1223 5089 1271 5128 rus
1295 5074 1490 5144 pollicitationis
1510 5087 1621 5135 naua.
1643 5079 1661 5137 h

987 5229 995 5258 ¹
1008 5228 1044 5277 sic
1054 5226 1224 5277 carmonensis
1243 5232 1284 5274 tts.
1299 5233 1327 5276 at
1344 5225 1413 5287 edilt,
1424 5234 1449 5278 ut
1462 5232 1598 5292 somniares
1618 5237 1661 5284 auu

954 5289 1018 5346 ntis,
1031 5296 1079 5339 etc.
1296 5276 1308 5323 ⁸

985 5374 996 5405 ¹
1006 5371 1088 5422 codex
1104 5385 1141 5432 v..
1151 5383 1194 5421 uos
1203 5368 1308 5421 aarum
1318 5370 1440 5421 laruniliter
1451 5373 1513 5434 quod
1523 5372 1584 5426 dicit
1596 5387 1661 5440 apae

984 5455 994 5474 ·
1007 5461 1031 5504 tn
1048 5461 1101 5503 ttss.
1113 5467 1134 5503 r.
1147 5466 1170 5500 r.
1184 5458 1210 5500 et
1219 5453 1244 5501 iu
1262 5452 1368 5500 edldona
1379 5461 1432 5502 tor.
1444 5456 1587 5517 recogautus
1605 5467 1655 5509 εει.

995 5530 1010 5565 a
1039 5514 1304 5574 inamarescunt,

984 5517 1021 5640 ild
1036 5578 1153 5626 tossidius
1171 5578 1196 5624 ln
1213 5579 1291 5635 capite
1307 5574 1322 5622 8
1342 5575 1438 5625 tndteuli
1458 5578 1600 5629 reooulatur
1619 5594 1661 5638 scr

957 5648 1014 5690 sne
1029 5639 1237 5696 desecationibus,
1248 5638 1383 5688 secursduur
1394 5640 1536 5689 satureum.
1547 5659 1558 5686 ι
