3728 6276
165 208 194 268 U·
791 200 971 261 sttusetis
987 199 1147 260 molebat.
1764 204 1804 265 n

164 319 319 387 modus,
335 319 393 377 ltoc
405 319 469 377 locu
481 319 517 376 ad
529 319 640 376 verbum
655 328 725 376 esset
736 316 885 375 exhibenda
900 335 906 369 :
921 314 1051 385 siquidem
1064 315 1232 371 sermonibus
1244 317 1288 387 qui
1301 315 1411 372 sidonii
1427 316 1504 373 nohis
1517 315 1703 384 restituuntur,
1719 319 1797 375 siml-

163 416 204 469 lius
217 410 283 467 nihil
303 411 425 468 inveniri
439 413 536 482 possit.
556 411 648 482 Nugae
667 410 759 465 inutile
774 407 853 466 luerit
865 408 1009 464 observare
1022 408 1072 463 hae
1082 409 1108 463 in
1121 409 1241 465 oratione
1256 409 1289 464 ab
1310 426 1342 465 eo
1357 409 1483 465 Faustum
1499 409 1655 481 ilcgieusem
1669 424 1731 467 cum
1748 412 1799 466 ho·

163 507 229 562 uris
241 504 606 576 signibmtioneuomiuari,
621 511 650 559 ut
661 503 685 560 si
697 502 756 574 quis
770 503 829 574 ejus
840 502 867 557 in
879 500 1052 558 concionibus
1063 499 1178 571 aliquam
1192 499 1271 570 hujus
1285 502 1400 557 aucturis
1410 503 1569 558 seutentiam
1582 499 1798 574 deprehenderit,

162 597 380 655 idnoxmiretur.

198 689 325 746 ωσιιιι
335 691 411 763 quod
422 687 555 747 nassum
567 705 583 746 e
596 688 686 745 Fausti
701 687 775 743 libris
787 694 922 742 mutuatus
934 695 985 751 est,
999 701 1048 757 pro
1059 687 1140 742 nihilo
1151 685 1235 743 lerme
1248 686 1395 746 habebitur.
1406 687 1428 742 si
1443 702 1503 742 cunr
1514 687 1546 742 lis
1558 703 1618 760 utrae
1631 703 1665 746 ex
1678 687 1804 753 aliorum,

165 795 269 854 um
283 790 566 846 commentationibus
578 787 722 859 decerpsit,
736 792 915 856 comparetur.
930 783 1055 855 Legimus
1068 784 1094 838 in
1107 781 1166 839 Vita
1178 781 1309 854 ejusdem.
1323 782 1369 837 lib.
1385 783 1410 850 1,
1423 796 1485 839 eum
1501 797 1561 836 cuuv
1572 790 1681 853 propter
1693 781 1797 838 valetu-

163 876 237 934 deem
246 879 308 949 iam
320 882 480 938 concionari
494 898 582 954 perse
595 898 647 938 non
660 888 763 953 pisset,
774 878 868 951 jvvbere
878 879 985 935 solitum
996 893 1011 932 a
1025 876 1208 933 sacerdotibus
1220 891 1252 932 ac
1264 875 1383 932 diaconis
1395 876 1421 930 iu
1437 875 1555 932 Ecclesia
1569 891 1616 931 sua
1629 877 1734 932 recitari
1746 891 1798 932 non

162 970 229 1028 nodo
241 985 394 1030 sermones
406 975 530 1046 proprios
540 1017 548 1041 ,
560 988 656 1030 verum
669 973 750 1028 etiam
763 970 908 1040 Ambrosii,
921 968 1062 1043 Augustini
1077 978 1104 1026 et
1115 968 1237 1025 aliorum.
1252 968 1318 1024 ilinc
1331 968 1422 1040 procul
1435 967 1516 1024 dubio
1529 967 1665 1025 breviores
1682 968 1718 1024 illi
1732 967 1797 1025 Ser-

160 1077 242 1119 mones
260 1061 418 1133 prodiere,
432 1064 461 1120 in
470 1064 566 1139 uuilvus
576 1072 674 1135 prater
685 1060 824 1118 exordium
835 1069 862 1117 et
875 1060 1081 1132 perorationem,
1094 1076 1154 1131 quae
1168 1059 1250 1130 ipsius
1262 1059 1441 1115 characterem
1456 1058 1584 1124 referunt,
1600 1058 1702 1131 reliqua
1715 1050 1797 1131 petit'a

160 1162 210 1211 svnt
221 1169 257 1211 cx
268 1156 441 1227 Augustino.
460 1155 633 1213 exscribebat
648 1165 729 1226 atque
742 1154 894 1209 imitabatur
904 1152 1040 1209 lubentius
1047 1159 1169 1205 sanetum
1185 1149 1254 1205 hune
1264 1150 1415 1215 Ductorem,
1430 1149 1506 1220 cujus
1519 1149 1658 1218 opiniones
1670 1156 1796 1220 tanqrram

160 1248 290 1304 etholicoe
303 1249 417 1304 veritati
429 1247 573 1304 admodum
585 1253 764 1319 coagmentes
773 1245 909 1317 predicat.
924 1243 1010 1315 ipsius
1026 1240 1174 1298 doctrinam
1188 1242 1261 1296 omni
1275 1240 1363 1296 studio
1375 1241 1559 1311 propugnavit,
1571 1247 1599 1295 et
1609 1255 1642 1296 cx
1653 1256 1685 1296 ea
1698 1254 1797 1296 sccun-

161 1342 193 1396 iae
205 1342 384 1397 Annsimnrc
403 1341 505 1415 Synodi
520 1357 637 1397 canones
655 1340 794 1397 constituit
811 1356 819 1391 :
839 1336 1048 1408 observaturque
1063 1334 1121 1392 ini
1139 1332 1390 1399 inrationalibus,
1410 1334 1495 1405 ipsum
1510 1343 1629 1388 extremo
1640 1346 1690 1388 suo
1703 1332 1798 1387 morbo

162 1433 215 1486 inter
228 1448 282 1487 nort
296 1433 489 1504 neoburgum
500 1434 643 1505 patiebatur
656 1432 756 1487 dolores
767 1430 920 1486 lemurum
934 1444 988 1485 erac
1000 1445 1076 1499 guum
1090 1427 1117 1482 in
1129 1428 1245 1499 proximo
1260 1435 1324 1482 esset
1337 1427 1472 1481 beatissimi
1486 1426 1620 1498 Augustini
1635 1425 1797 1497 depositionis

162 1525 223 1589 lia,·
238 1533 336 1579 αειιιιι
349 1524 481 1578 mudum
495 1523 754 1578 rememorationem
764 1522 844 1594 inviam
856 1519 1000 1589 didicisset,
1012 1518 1105 1574 eliciam
1116 1533 1127 1572 .·
1140 1517 1246 1588 Confido
1260 1518 1287 1572 in
1297 1517 1418 1585 donnino,
1432 1516 1501 1586 qood
1514 1534 1596 1571 meum
1606 1518 1797 1573 transimennum

165 1616 368 1687 lergcdirr'sirrrrs
377 1626 415 1670 eat
428 1617 460 1671 ab
474 1617 554 1686 ipsius
565 1632 575 1671 .·
588 1616 657 1687 min,
669 1623 698 1669 trt
712 1613 996 1684 immanissimorum
1008 1610 1087 1666 dilexi
1098 1610 1153 1680 ejus
1166 1609 1388 1665 catholicissimum
1399 1625 1511 1676 ιιιιιιιιιι,
1524 1619 1622 1663 torrium
1633 1625 1674 1664 uve
1683 1609 1729 1663 etti
1741 1609 1797 1663 dit·

164 1718 299 1778 ιιιμιιιιιιι
319 1709 434 1775 meritis,
451 1707 554 1762 onrrirnc
571 1716 654 1761 tnuoen
672 1721 730 1760 reor
751 1705 872 1759 distantia
892 1701 1006 1773 longiore
1020 1700 1184 1772 depodtiortia
1202 1716 1265 1754 mem
1279 1700 1343 1754 client
1364 1700 1395 1754 ab
1411 1700 1465 1769 ejus
1480 1699 1560 1753 obitur
1580 1709 1691 1765 tempore
1707 1717 1796 1770 regire-

165 1802 240 1854 mcvi.

194 1890 277 1946 Porro
289 1890 413 1961 ejusdem
429 1890 572 1947 conciones
584 1889 650 1946 tanti
661 1888 837 1957 ducebantur,
851 1896 882 1943 nt
893 1885 1115 1960 quaemadmodum
1130 1886 1186 1956 ipse
1200 1901 1234 1942 ex
1250 1884 1401 1957 Augustini,
1417 1885 1457 1941 sic
1469 1900 1502 1941 ex
1516 1885 1653 1955 ipsiusmet
1664 1886 1797 1944 sermoni·

168 1983 209 2038 lus
219 1984 264 2038 alii
277 1991 465 2055 excerperunt,
480 1982 551 2041 unde
563 1983 626 2040 nori
635 1996 773 2038 sermones
786 1981 1021 2039 concionarentur.
1035 1978 1091 2036 lloc
1103 1977 1223 2050 prolecto
1241 1978 1364 2034 homilias
1376 1977 1454 2050 Eligii
1467 1988 1495 2034 et
1506 1977 1609 2035 lisbaui
1619 1994 1680 2035 eum
1692 1994 1797 2036 sermo·

168 2079 237 2133 nibm
247 2076 412 2148 Appendicis
424 2085 525 2133 nostre
536 2075 717 2151 comparando
728 2076 816 2148 quivis
828 2074 967 2148 intelliget.
1035 2151 1037 2154 y

197 2171 324 2242 Superest
330 2179 360 2226 ut
370 2169 435 2242 quid
446 2169 538 2227 auxilli
555 2169 632 2227 nohis
642 2168 678 2225 ad
697 2168 844 2226 institutam
858 2167 1018 2225 Sermonum
1030 2167 1170 2241 Augustini
1180 2181 1320 2225 censuram
1333 2168 1496 2240 prebuerint
1508 2167 1700 2239 bononienses,
1712 2184 1797 2243 expo·

171 2276 265 2318 mnus.
277 2261 318 2318 llli
328 2276 375 2318 sua
387 2261 416 2318 ia
428 2271 531 2318 tomum
544 2257 779 2333 Xpraelatiuueula
791 2258 936 2317 admonent
947 2274 977 2316 se
986 2258 1014 2315 in
1023 2257 1165 2316 censendis
1177 2259 1351 2316 sermonibus
1362 2270 1471 2316 sectatos
1479 2260 1534 2317 lere
1544 2259 1736 2332 essejudicium
1747 2264 1797 2319 do·

172 2355 271 2410 citrini
283 2352 448 2411 drillardni
459 2353 542 2426 lipsii
555 2354 656 2425 :iisqui
669 2361 743 2410 certo
752 2353 800 2410 risi
814 2362 876 2410 suut
889 2368 950 2411 esse
963 2353 1113 2424 Augustini,
1125 2352 1290 2423 nomenoius
1303 2352 1490 2425 adscripsisse;
1506 2355 1551 2427 qul
1564 2364 1639 2411 certo
1648 2356 1798 2427 deprehen·
1825 2367 1829 2378 ·

174 2447 264 2505 slsum
282 2448 366 2520 ipsius
377 2463 433 2505 nou
443 2462 514 2516 exse,
532 2447 659 2519 reiecisse
678 2447 706 2504 in
727 2448 909 2520 Appendioem
921 2467 928 2504 :
939 2448 1055 2520 reliquos
1073 2455 1118 2502 eut
1130 2463 1182 2502 noo
1201 2449 1263 2503 rutis
1271 2448 1397 2505 dimnmor
1410 2460 1456 2506 cut
1468 2467 1501 2507 cx
1514 2448 1614 2522 judicio
1622 2451 1798 2524 quorumdam

174 2540 246 2596 atie
255 2541 420 2609 «morituris,
436 2541 506 2597 iuter
518 2539 657 2616 Augustini
673 2539 817 2598 Sermones
828 2540 985 2613 reliquisse,
1002 2556 1056 2597 nou
1069 2548 1158 2597 tamen
1172 2539 1262 2597 addito
1275 2541 1333 2613 ejus
1347 2543 1464 2599 nominc.
1478 2543 1519 2600 Ad
1535 2545 1602 2600 hanc
1614 2545 1693 2615 igitur
1706 2525 1796 2601 notam

175 2632 213 2701 avi
222 2633 383 2702 pothsimum
402 2647 541 2690 sermones
553 2631 587 2689 ad
602 2646 715 2689 examen
728 2641 819 2689 essent
837 2633 990 2704 revocandi,
1002 2632 1176 2707 eognovimus
1192 2650 1199 2686 a
1215 2642 1243 2690 et
1261 2649 1326 2691 sane
1339 2636 1518 2692 consideranti
1534 2639 1620 2708 palam
1633 2637 1688 2705 liet,
1703 2652 1796 2694 eorum

176 2721 212 2791 pti
222 2737 237 2776 a
248 2722 321 2778 nohis
331 2723 488 2793 rejiciuntur
503 2723 582 2794 longe
594 2722 723 2792 plurimos
741 2738 773 2778 ex
788 2722 840 2779 illis
854 2738 914 2791 esse
926 2738 993 2796 quos
1007 2740 1057 2779 non
1069 2723 1132 2779 rutis
1145 2725 1272 2780 diaconos
1282 2735 1328 2780 aut
1339 2725 1422 2783 dulim
1436 2729 1592 2784 auctoritatis
1602 2738 1707 2785 coeant.
1723 2730 1796 2786 Pre-

176 2822 240 2870 trrcs
250 2815 361 2871 aliorum
374 2815 402 2871 in
420 2814 627 2886 Anigrutinianos
639 2814 785 2871 Sermones
798 2829 925 2872 censuras
935 2816 1127 2882 consuluimus,
1142 2831 1253 2888 quarum
1267 2817 1327 2875 duae
1342 2820 1483 2892 precipuas
1496 2831 1559 2877 suut
1570 2831 1598 2878 et
1609 2824 1796 2889 accuratiores,

175 2906 246 2962 altera
259 2906 373 2964 Simonis
383 2906 485 2963 Verliui
498 2906 568 2964 edita
581 2923 626 2963 an.
640 2907 719 2976 leti,
733 2909 818 2964 altera
831 2908 960 2965 bernardi
973 2908 1096 2982 vindingi
1109 2926 1153 2965 an.
1169 2910 1248 2966 lete.
1262 2911 1328 2966 Cum
1340 2921 1428 2969 autem
1447 2913 1609 2974 hioeusores
1621 2918 1739 2974 omnium
1751 2934 1796 2975 sa·

176 3001 292 3070 irasmi
302 3001 440 3058 nonnullis
454 3000 558 3057 inloeis
570 3001 770 3068 aberraverint,
783 3002 940 3074 arrogantiae
956 3011 1029 3059 esset
1047 3001 1073 3057 id
1085 3017 1135 3058 nos
1147 3012 1284 3059 assecutos
1296 3004 1425 3073 credere,
1447 3015 1476 3062 ut
1490 3006 1534 3064 hic
1551 3024 1685 3080 nunqnam
1696 3008 1797 3081 judicio

176 3091 320 3151 lallaremur.
334 3094 463 3150 Attamen
475 3090 635 3150 conlidimus
646 3091 745 3149 lactum
757 3101 786 3147 ut
800 3108 851 3149 uec
861 3093 944 3149 ullum
957 3093 1026 3150 inter
1038 3092 1118 3148 lalsos
1137 3103 1229 3166 aperte
1242 3110 1334 3150 verum
1345 3138 1353 3162 ,
1364 3111 1414 3153 nee
1431 3097 1513 3155 ullum
1529 3098 1598 3155 iuter
1611 3115 1687 3158 raros
1704 3110 1797 3177 aperte

176 3180 254 3238 lalsrrm
265 3183 450 3241 retulerimus.
460 3179 520 3239 iloc
529 3182 606 3238 nobis
614 3182 800 3254 proposuimus
813 3183 847 3238 ab
856 3183 949 3249 initio;
961 3193 1026 3239 etea
1035 3192 1143 3254 propter
1155 3188 1182 3238 in
1194 3185 1361 3241 sermonibus
1370 3186 1487 3245 nondum
1495 3188 1584 3256 editis,
1595 3191 1640 3262 qui
1648 3193 1797 3264 Augustino

177 3276 384 3348 hnannrcriptis
392 3274 593 3341 adscribuntur,
607 3290 656 3331 uos
670 3275 832 3347 praebuimus
845 3275 1003 3332 severiores.
1021 3276 1059 3330 Ειι
1071 3291 1162 3331 eorum
1176 3292 1289 3334 numero
1301 3277 1378 3350 longe
1396 3281 1512 3338 maximo
1522 3282 1637 3339 selectos
1645 3283 1795 3359 octodecim

178 3377 259 3426 nuum
270 3386 334 3428 cum
351 3368 513 3441 fragmentis
524 3367 627 3440 aliquot
638 3366 683 3425 hic
693 3366 856 3440 adjecimus,
870 3367 900 3424 in
917 3367 1013 3439 qulbus
1025 3368 1053 3425 S.
1069 3370 1190 3427 hectoris
1203 3370 1352 3441 character,
1368 3373 1500 3446 ingenium
1520 3384 1547 3431 ct
1560 3375 1680 3432 doctrina
1697 3376 1796 3448 liquido

177 3462 312 3530 mpidtur
321 3470 353 3518 et
366 3458 508 3517 elucescit.

182 3556 1789 3613 &m

439 3597 479 3607 “
530 3643 986 3761 scamus
1019 3646 1411 3762 conicum

386 3820 443 3883 Ah
457 3814 561 3894 QUOS
576 3815 793 3879 RECOGNITI
815 3815 914 3880 SUNT
929 3815 1137 3879 SERMONES
1157 3815 1259 3878 uolss
1279 3815 1401 3880 fluitis
1419 3817 1575 3896 QUINTI,

701 3911 736 3952 ΕΤ
752 3910 828 3952 111ΥΙἙ
846 3896 937 3961 ohtuub
954 3911 1063 3952 cubices
1081 3909 1249 3952 thothimus.

859 4028 1072 4083 ’1190909181

413 4167 570 4205 mmmm
584 4164 689 4204 ωας·
998 4190 1012 4240 ι
1063 4130 1546 4244 &metamucense

169 4275 188 4311 ι.
223 4267 322 4313 veteres
339 4255 581 4310 bbrleblbllotlreca
596 4256 703 4308 Ahhxdae
717 4261 740 4306 s.
755 4254 863 4306 Audoeoi
880 4260 949 4307 noto
999 4253 1026 4305 ll.
1065 4227 1363 4328 tlorlseumlgatiuedre
1372 4253 1794 4326 mhemohraulummanuscrtpu

249 4322 382 4385 augensis
1092 4315 1266 4366 ehtbhotheea
1275 4316 1425 4367 cavilonensi.

170 4385 191 4432 b.
225 4384 352 4435 mamis
361 4380 504 4433 monasteril
515 4379 620 4432 codices.
999 4374 1029 4426 le.
1060 4381 1114 4427 tiss.
1125 4384 1148 4428 s.
1161 4376 1232 4426 ttaurl
1243 4379 1397 4428 ramatensis.

169 4445 205 4495 hl.
225 4444 453 4496 hodaewileotanea
468 4443 494 4492 iu
513 4440 610 4492 Paulum
621 4453 693 4491 manu
710 4439 798 4503 sulpit
819 4438 950 4492 bibliothe·
1000 4437 1044 4488 lul.
1066 4444 1106 4487 hu.
1120 4445 1160 4487 Pt‘.
1172 4438 1319 4489 iuliensmm
1326 4441 1430 4490 mabil
1440 4447 1463 4490 s.
1475 4441 1589 4492 horrendi
1599 4443 1748 4496 rubim

250 4505 651 4557 oemnmtmrescrtorlseensis.
1000 4512 1026 4563 g.
1066 4501 1266 4551 cemmeticensls
1277 4500 1391 4550 thhatlae.

169 4569 205 4617 bo.
228 4566 595 4630 resssentgniolrionemis
1001 4575 1040 4626 gr.
1071 4562 1328 4612 &Germaniarum
1338 4562 1435 4612 codices
1452 4562 1519 4612 bene
1534 4563 1795 4625 multisonam.

168 4643 187 4679 r.
223 4626 544 4680 tarmonemisecelcsiae.
869 4658 900 4671 κ,
1067 4622 1525 4734 Εξψιιωιιιιίἀιιιιιιοιιοιῳινμιιιοι.

168 4702 199 4740 cr.
227 4689 336 4741 emesa
346 4690 509 4739 urnatcmis.
1002 4681 1019 4733 1.
1108 4685 1302 4736 nmuuunensts
1312 4683 1432 4735 mdeste.

168 4766 200 4802 cs.
226 4752 391 4803 mereierms
399 4751 516 4800 missia.
1002 4743 1033 4795 lr.
1064 4747 1175 4810 tyrensis
1185 4746 1333 4797 umnasterli.

168 4821 209 4864 ot.
229 4812 326 4864 eodem
342 4810 590 4863 tte-cisterciensium
604 4816 627 4859 S.
646 4806 951 4860 mudsinterusalemde
1001 4820 1036 4858 m.
1066 4806 1463 4871 stticbaelisinpericulonmris.

250 4876 328 4936 [Μ
349 4873 415 4923 unde
432 4883 572 4923 scrutamur
591 4869 684 4935 ahquot
700 4871 852 4921 monem
872 4869 951 4918 dem·
1001 4882 1028 4918 n.
1070 4869 1186 4918 narmricl
1196 4867 1294 4933 collegii
1302 4870 1450 4920 herisiensis.

251 4948 301 4999 que
317 4935 460 4995 didicimus,
483 4947 579 4985 neuma
598 4946 648 4998 quo
665 4944 710 4984 eos
726 4929 780 4983 looo
797 4931 888 4980 dixerit
907 4939 952 4980 au-
1002 4930 1044 4992 pb.
1069 4927 1275 5042 effimmueiustis
1282 4929 1361 4981 codex
1372 4933 1499 4994 mmiceus,
1512 4933 1554 4997 qui
1566 4932 1624 4984 olim
1633 4931 1796 4985 sebonensis

1146 5003 1206 5041 csrae
1224 5004 1250 5041 ur

168 5072 196 5109 o.
229 4998 437 5110 leffium
454 5053 609 5106 bibliothece
630 5055 722 5117 plures,
742 5055 879 5116 interquos
899 5065 950 5102 nra·
1002 5064 1039 5115 pr.
1071 5056 1126 5102 tiss.
1139 5051 1310 5104 musellenses.
1720 5040 1724 5045 ’

252 5122 258 5131 ’
287 5121 390 5183 15παῦ
404 5116 583 5191 ιιιιιιιι,ιιιι1811
597 5124 702 5176 numius,
713 5126 841 5166 sermones
849 5115 883 5165 de
893 5128 950 5165 rer·
1001 5127 1023 5163 r.
1071 5113 1152 5174 nocie
1161 5113 1323 5173 bibliothece,
1341 5122 1431 5176 prater
1445 5115 1491 5165 alla
1510 5116 1668 5179 exemplaria,
1678 5116 1793 5169 volmuen

248 5133 951 5302 ssmhiarmhmim.
1093 5174 1795 5299 horrerem.

251 5306 393 5362 attinens,
410 5303 492 5375 lisque
510 5303 616 5353 insertos
636 5300 766 5364 questam,
788 5271 892 5362 gudrum
910 5299 950 5349 vel
1094 5298 1393 5370 uruuvnugustiniauoruur
1406 5299 1548 5350 hohermde
1559 5299 1794 5353 nanismuceilario

251 5363 308 5415 nihii
330 5377 430 5429 prorsas
448 5377 474 5414 ur
488 5371 546 5414 aute
562 5362 649 5423 editis,
667 5360 708 5411 rel
723 5360 858 5426 hagnreuta
872 5360 950 5412 sulum
1095 5365 1221 5408 Parmensi
1231 5365 1330 5407 auctore
1341 5359 1457 5408 adornati.

252 5426 385 5477 mabam.
1001 5434 1047 5470 rm.
1064 5419 1194 5481 remigiani
1206 5419 1268 5480 apud
1280 5422 1475 5470 hemosooenohii
1486 5424 1589 5476 codices

162 5488 200 5537 cla
224 5489 285 5538 riori
294 5483 840 5550 mineusesoptimenotaacrevusrissimi.
1000 5495 1020 5531 s.
1068 5480 1221 5531 Bibliothecae
1229 5481 1482 5544 sorboniclgymussll.

162 5564 202 5599 αιι
225 5547 424 5600 Ιιε.5.οοιιιεῑίΙ
434 5548 638 5609 umueuutensis.
911 5566 914 5572 ·
1001 5553 1019 5593 t.
1067 5550 1089 5591 ti.
1099 5542 1240 5593 Theoderici
1252 5556 1327 5605 prope
1339 5551 1431 5600 neuros.

161 5624 186 5662 ι.
224 5617 394 5676 umrrmrvmt
402 5610 505 5675 argyrii
514 5609 610 5661 codices
625 5609 673 5661 duo
684 5607 776 5661 calmno
786 5607 877 5672 sulpur,
889 5616 947 5661 eor·
1000 5612 1047 5656 rat.
1065 5605 1188 5655 vaticanus
1199 5604 1285 5656 codex.
1337 5609 1340 5613 '
