3728 6276
710 259 830 320 stium
849 257 971 322 dccxi.
1588 277 1658 336 gagg

142 393 287 453 rstmbant.
303 392 424 451 nondun
437 388 662 464 prorumpebant:
678 387 819 443 obmrrre·
873 398 922 454 pro
935 384 1067 456 inimicis,
1086 403 1154 458 genu
1167 388 1235 446 lixit.
1254 389 1343 459 Quare
1356 405 1385 448 sc
1398 399 1475 447 stans
1485 395 1658 449 commenda-

142 503 197 545 rres
218 501 291 543 suus.
312 485 371 543 lam
395 490 586 555 prorumpant,
611 486 755 551 appareant
774 476 820 548 qui
871 478 926 534 riti
938 478 1004 547 Quia
1015 480 1115 551 iustum
1128 482 1339 540 commendabat.
1350 483 1439 551 Quare
1452 485 1559 555 proillis
1570 500 1655 557 genm

142 578 158 634 d
172 576 272 648 lapides
287 584 404 634 currant.
421 575 612 640 Cocurrerunt,
626 570 817 642 lapidaverunt
872 569 946 626 haiti
958 571 1025 641 Quia
1036 586 1085 643 pro
1098 574 1234 631 sceleratis
1251 575 1354 632 orabat.
1369 574 1493 642 verume,
1512 593 1544 632 nr
1558 585 1657 632 ctutum

142 666 305 726 iiiiii-
326 667 353 724 5.
377 664 513 721 mnenon
535 662 680 736 Stephanus
711 661 821 716 moriens
871 662 984 719 ittirtoe
996 675 1132 736 peccatam

142 776 161 826 r,
175 757 373 815 commendmdo
385 756 502 830 spiritum
522 771 598 812 rrum
614 763 640 810 et
659 752 755 809 orando
774 768 822 822 pro
907 754 1019 815 CAPUT
1034 756 1078 814 ti.
1094 789 1131 801 -
1147 759 1174 814 l.
1195 758 1290 816 Scelus
1306 758 1395 832 iupus,
1416 765 1517 830 propter
1533 757 1659 830 Stephani

142 850 236 907 iodim
255 849 318 907 ruia.
332 848 401 918 Quid
413 846 579 918 Stephanus?
593 844 675 917 quidi
688 842 821 900 tuendis
873 849 1010 906 orationem
1024 859 1134 905 mrmtm
1153 849 1368 906 indrontinus
1387 848 1468 906 verba
1488 848 1539 906 ista
1558 848 1661 903 audivit

142 940 301 1012 inmunem
317 939 402 996 botrus
411 939 511 994 aruicus
519 937 681 993 imitabatur.
694 934 821 990 Dominus
872 939 985 996 Saulus?
997 939 1118 1006 Audirit,
1134 939 1183 997 sed
1202 939 1303 996 irrisit:
1317 948 1344 998 ει
1357 948 1445 996 tamen
1458 938 1491 994 ad
1511 938 1659 994 orationem

142 1030 258 1100 lbristus,
271 1045 333 1087 com
345 1029 473 1102 ponderet
485 1029 512 1085 in
524 1042 620 1096 cruce,
632 1026 716 1083 dirlt:
731 1024 820 1093 Pater,
873 1030 999 1101 Stephani
1014 1031 1173 1102 pertinebat.
1195 1031 1290 1087 Adbuc
1302 1031 1482 1103 gustabatur,
1500 1039 1527 1086 ει
1536 1029 1591 1102 jam
1609 1043 1660 1100 pro

142 1121 586 1192 11111111111111111101111111111111111·
594 1118 820 1183 1101110111111110.
873 1123 919 1179 illo
932 1123 1083 1194 Stephanus
1093 1123 1292 1180 exandiebatur.
1305 1122 1395 1180 Nostis
1409 1123 1479 1179 enirn
1490 1122 1556 1192 jam,
1571 1120 1659 1177 utali-

142 1212 275 1280 ucidsus,
296 1213 368 1269 sicut
379 1221 456 1269 natus
475 1229 508 1269 es
522 1212 638 1279 lamina,
652 1211 721 1267 sicot
739 1224 821 1266 earne
872 1213 935 1285 quid
946 1213 1032 1269 dicam
1043 1212 1077 1270 de
1087 1213 1178 1282 Saulo,
1190 1222 1218 1270 et
1227 1223 1321 1285 postea
1334 1213 1434 1278 Paolo;
1450 1213 1541 1283 otique
1552 1211 1657 1267 nostis:

142 1321 159 1371 .;
174 1304 243 1360 sicut
255 1320 303 1376 pro
317 1303 394 1362 nobis
408 1305 565 1374 moriturus,
578 1304 646 1360 sicut
656 1304 682 1359 in
696 1303 821 1375 sepulum
872 1306 899 1360 in
913 1306 1005 1363 codem
1016 1306 1084 1362 libro
1095 1307 1222 1377 scripturn
1231 1304 1504 1378 estqoomadmcdum
1515 1303 1660 1361 crediderit

142 1397 232 1466 ,siem
244 1397 324 1454 tertio
336 1398 380 1454 die
391 1406 599 1462 resurrecturos,
613 1396 683 1453 sicut
693 1396 719 1451 in
733 1396 819 1452 coelos
872 1398 980 1455 Paulus.
994 1397 1089 1456 Occiso
1100 1398 1237 1470 Stephano
1251 1396 1462 1469 persecutionem
1475 1396 1658 1468 gravissimam

141 1506 205 1547 irus.
220 1492 394 1548 Omuraenim
409 1491 460 1546 ista
474 1489 501 1545 in
511 1489 629 1545 bomine.
642 1488 819 1559 llnmoergo:
872 1489 991 1549 Ecclesia
1012 1488 1184 1563 ierosolymis
1205 1504 1282 1561 passa
1304 1497 1355 1546 est.
1376 1487 1470 1560 Fugati
1484 1496 1546 1542 sont
1564 1488 1659 1542 iratres

142 1582 166 1637 iri
186 1598 278 1637 nocuus
299 1591 354 1636 tuus
372 1580 519 1637 commendo
537 1581 652 1652 spiritum
667 1596 759 1635 ineunt.
775 1579 823 1635 llle
872 1581 918 1653 qui
928 1581 964 1638 lbi
976 1589 1068 1638 erant:
1081 1580 1132 1636 soli
1147 1581 1266 1652 Apostoli
1280 1586 1465 1636 remanserunt
1476 1579 1501 1636 ¹:
1515 1576 1605 1633 caeteri
1619 1575 1659 1630 lu·

142 1673 229 1729 luter:
242 1672 403 1744 Stephanus,
416 1670 524 1727 Dmnine
539 1669 611 1727 iesu.
625 1671 693 1740 Quid
706 1679 733 1727 ει
746 1669 824 1740 ipse?
872 1671 1011 1744 gahamon.
1030 1670 1084 1729 Sed
1103 1680 1227 1742 tanquam
1246 1670 1371 1725 ardentes
1384 1667 1472 1734 laces,
1493 1681 1660 1738 quorumnam

142 1764 257 1835 spiritum
268 1779 361 1820 nomm.
374 1763 415 1819 'lu
426 1763 516 1820 dixisti
530 1762 616 1828 Patri,
629 1777 679 1833 ego
693 1762 750 1821 tibi.
765 1760 822 1818 lle·
874 1765 1028 1833 veniebant,
1050 1763 1240 1821 accendebant.
1252 1762 1332 1819 Stulti
1353 1760 1456 1828 iudei,
1471 1760 1578 1831 quando
1598 1757 1660 1814 illos

142 1869 165 1909 nr
185 1868 310 1924 agnosco.
326 1852 428 1909 Venisti
440 1853 573 1923 jacentem
587 1853 696 1908 levare:
712 1866 765 1905 non
777 1865 823 1907 ec·
873 1855 907 1912 de
924 1855 1097 1928 ierosolymis
1115 1854 1255 1928 rugabant,
1274 1854 1404 1910 carbones
1424 1853 1493 1925 ignis
1517 1853 1543 1907 in
1565 1851 1659 1907 sili-am

142 1960 255 2002 mecurn.
275 1945 381 2016 decipe,
403 1946 502 2017 inquit,
524 1945 639 2016 spiritum
658 1942 822 1998 marmilon
873 1947 1022 2004 mittebant.
1036 1947 1131 2005 Adhuc
1151 1947 1265 2015 Sanlm,
1285 1948 1328 2003 cui
1353 1963 1406 2002 nou
1430 1946 1534 2002 suffecit
1555 1945 1660 2000 occisus

142 2036 231 2092 orabat
242 2055 249 2092 :
262 2037 334 2093 uenit
344 2037 383 2093 illi
393 2037 420 2092 in
432 2046 548 2092 mentem
560 2034 641 2102 aliod,
652 2035 721 2089 unde
734 2034 822 2089 imita·
873 2039 1040 2111 Stephanus,
1064 2040 1134 2111 qood
1153 2040 1265 2096 libenter
1284 2040 1439 2102 recolimus,
1453 2037 1579 2107 quiajam
1592 2035 1659 2091 0015.

142 2129 258 2186 ominum
271 2145 358 2184 suum.
371 2128 490 2184 llecolite
501 2125 640 2198 pendentis
651 2126 732 2181 rerba
747 2125 773 2179 in
787 2123 821 2179 ii·
872 2145 948 2195 mos,
963 2129 1026 2201 quid
1047 2130 1128 2186 leciti
1140 2129 1250 2200 Accepit
1268 2128 1394 2201 epistolas
1410 2143 1424 2181 a
1438 2125 1619 2183 sacerdotibus
1633 2132 1662 2180 ει

160 2220 289 2276 intendite
302 2220 382 2276 verba
393 2221 401 2252 ¹
414 2219 473 2289 eius
486 2217 532 2288 qui
552 2216 720 2287 lapidabatur
736 2215 822 2271 oonii-
872 2221 987 2291 Scribis,
1011 2230 1039 2276 ιιι
1059 2220 1219 2292 ubicumque
1231 2220 1363 2276 inveniret
1373 2219 1445 2274 viros
1459 2219 1508 2273 niae
1520 2216 1616 2287 hujus,
1633 2214 1661 2270 id

147 2307 216 2377 011111
235 2308 402 2378 111021'012',
422 2309 523 2381 19111111
541 2307 610 2375 11111,
630 2307 691 2377 puio
709 2305 824 2360 1111111111
873 2322 924 2382 cst,
938 2314 1116 2381 Christianos,
1129 2313 1250 2384 alligatos
1264 2310 1407 2368 adduceret
1418 2309 1451 2366 ad
1471 2308 1598 2380 supplicia
1612 2322 1660 2362 su-

142 2401 213 2455 munt
227 2399 302 2474 (1⁴⁸0-
320 2417 395 2467 ¹¹¹¹h
411 2400 455 2465 ⁴⁶·
469 2398 621 2471 51)·Ῡο110
642 2398 669 2453 5¹¹
689 2397 754 2468 ipsis
765 2404 824 2452 1111
873 2406 986 2475 mondo,
1001 2406 1087 2477 qrralia
1102 2412 1252 2475 sumpserat
1270 2401 1431 2473 Stephanus.
1454 2401 1489 2456 Et
1507 2400 1589 2455 iratus
1605 2398 1662 2453 ibat

142 2491 273 2564 epbanos‚
293 2493 338 2563 qui
348 2492 502 2548 nesciebant
514 2490 577 2562 quid
589 2490 731 2547 iaciebant.
746 2490 821 2547 llulti
872 2498 984 2559 sintne
1000 2497 1055 2552 ibat
1066 2498 1143 2567 lupus
1162 2494 1196 2550 ad
1208 2496 1315 2559 mulas,
1330 2493 1364 2548 ad
1382 2507 1475 2563 greges
1494 2489 1617 2545 bomini:
1633 2495 1662 2543 nt

142 2592 213 2639 oster
225 2582 408 2640 crediderunt·
422 2582 456 2638 iit
467 2585 597 2638 incertum
610 2591 652 2638 est
666 2580 742 2637 nohis
753 2581 822 2640 undo
872 2589 981 2645 rabidus
994 2590 1072 2659 iupus
1084 2589 1239 2660 sanguinem
1253 2585 1374 2654 sitiebat,
1396 2584 1483 2640 eudes
1501 2581 1660 2644 anhelabat,

142 2676 294 2731 eutissimos
305 2674 466 2746 Stephanus,
478 2685 565 2731 utrum
580 2691 613 2732 ex
625 2676 678 2732 illis
690 2676 736 2747 qui
749 2677 822 2745 prius
873 2681 928 2735 ibat
940 2696 987 2752 per
1001 2681 1080 2736 uiam.
1096 2681 1130 2736 iit
1142 2680 1186 2736 ille
1205 2678 1364 2735 desursum:
1379 2674 1474 2741 Saule,
1489 2673 1584 2739 Suum,
1599 2670 1663 2741 quid

142 2774 209 2820 stum
222 2765 399 2831 crediderant,
410 2766 479 2822 sicot
490 2765 649 2822 Nicodemus
662 2768 706 2837 qui
717 2766 749 2820 ad
759 2782 821 2821 oum
873 2789 913 2827 me
924 2771 1098 2843 persequeris?
1109 2770 1192 2841 Lupe,
1205 2769 1277 2841 lupe,
1290 2767 1353 2839 quid
1363 2782 1460 2839 agnum
1474 2763 1663 2837 persequentur

142 2864 197 2911 octe
217 2854 312 2927 (Jocn.
327 2871 365 2922 tn,
380 2856 421 2927 il,
434 2857 479 2927 qui
499 2857 535 2912 ibi
549 2857 656 2928 sepeliri
670 2857 766 2913 meruit
778 2857 822 2912 tihi
874 2864 930 2936 Ego
942 2863 1049 2935 quando
1058 2878 1116 2919 sum
1126 2865 1240 2928 occisam,
1253 2861 1358 2917 leonem
1369 2859 1463 2917 occidi.
1477 2858 1545 2926 Quid
1556 2874 1596 2913 nae
1605 2873 1663 2929 per·

142 2992 144 3003 ,
158 2949 219 3018 quia
238 2963 285 3018 per
301 2949 374 3003 illum
386 2958 414 3004 et
434 2949 485 3005 iste
504 2949 627 3005 inventus
640 2950 702 3004 0⁵1¹
714 2967 721 3003 τ
735 2959 822 3005 utrum
873 2957 1000 3027 aequeris?
1013 2956 1088 3012 Exue
1108 2963 1135 3012 te
1148 2956 1228 3027 lupo:
1243 2964 1301 3010 osto
1313 2954 1347 3011 de
1364 2955 1425 3024 lupo
1436 2949 1494 3010 orii
1506 2952 1540 3009 de
1551 2967 1602 3009 ove
1615 2966 1663 3023 pa·

151 3038 192 3094 his
207 3038 296 3105 luerit,
318 3056 352 3094 an
365 3040 433 3098 lorte
450 3040 476 3096 in
491 3040 598 3110 illisqui
612 3050 671 3111 post
684 3055 821 3097 ascensum
873 3045 1165 3119 morimunden).
1415 3051 1417 3056 '

154 3130 276 3187 veniente
290 3131 390 3202 Spiritu
403 3141 512 3199 sancto,
525 3133 630 3205 quiundo
644 3133 746 3205 impleti
760 3140 823 3189 sont
908 3137 1021 3195 CAPUT
1028 3135 1235 3195 V.-5.Pirturo
1244 3136 1368 3207 Stephani
1374 3133 1553 3206 lapidationem
1559 3140 1582 3188 et
1588 3130 1665 3188 Sauli

142 3222 175 3294 ti,
195 3232 221 3282 ει
235 3224 412 3298 loquebantur
431 3225 527 3295 linguis
547 3226 665 3281 omnium
687 3227 821 3297 gentium,
874 3214 1188 3286 conaercionernechidrnr.
1196 3227 1350 3283 Dulcissimo
1359 3227 1459 3296 pictura
1471 3221 1664 3296 esthrec⁸,ubl

142 3320 186 3374 icti
207 3320 344 3391 lposmlis
357 3321 495 3390 dixerunt,
515 3317 568 3376 Viri
583 3321 687 3396 fratrer,
703 3320 764 3395 puid
782 3325 823 3396 [o-
875 3321 971 3382 ridetis
984 3329 1104 3380 sanctum
1115 3318 1279 3395 Stephanum
1293 3317 1421 3394 lapidari,
1442 3323 1537 3378 videos
1553 3321 1663 3377 Sunium

142 3411 150 3462 l
164 3409 278 3468 indicate
288 3412 375 3467 nobis.
389 3412 571 3482 Desperalmnt
582 3416 652 3470 enlm
666 3414 701 3470 de
719 3415 821 3480 salute,
872 3417 1045 3487 lapidantium
1053 3416 1208 3473 vestimenta
1216 3424 1377 3471 servantem.
1386 3413 1485 3470 lsteest
1494 3411 1591 3467 Paulus
1599 3414 1667 3482 Apo·

142 3503 154 3555 d
173 3497 339 3556 Salinatorem
353 3501 516 3558 occiderant.
533 3503 567 3558 iit
584 3503 622 3557 ait
639 3503 692 3560 iilis
705 3503 800 3560 Petrus
814 3523 822 3562 ι
873 3511 952 3565 rtoiur
964 3509 1061 3564 Christi
1070 3505 1146 3574 dero,
1161 3507 1211 3562 iste
1220 3515 1261 3562 est
1278 3504 1376 3558 Paulus
1387 3519 1471 3559 rerum
1485 3501 1577 3557 Christi
1589 3500 1663 3556 iesu.

142 3592 299 3660 erotemium,
312 3601 335 3647 ct
348 3593 486 3665 baptizetur
496 3597 664 3668 unusquisque
675 3607 783 3652 oestrum
796 3599 823 3652 in
874 3601 945 3656 benc
957 3600 1067 3655 audistis
1079 3613 1183 3660 rocem,
1196 3596 1264 3665 Quid
1277 3612 1316 3649 me
1326 3595 1498 3665 persequens?
1509 3591 1613 3647 Stratos
1622 3605 1662 3658 es,

149 3681 251 3739 domini
263 3684 343 3739 nostri
362 3683 583 3751 tanciturnus
601 3689 727 3760 accipietis
739 3688 823 3761 Spin'·
873 3702 978 3748 erectus
997 3705 1027 3747 es
1040 3709 1047 3745 :
1062 3698 1209 3760 prostratus
1225 3696 1398 3756 persecutor,
1414 3693 1519 3739 erectus
1533 3681 1664 3754 predict-

142 3782 238 3840 nctunt,
254 3784 277 3829 et
296 3776 453 3831 remittentur
463 3778 530 3833 robis
548 3789 650 3849 peccatu
661 3761 741 3834 oestro
754 3778 821 3853 (Art.
874 3794 925 3840 tor.
942 3783 1004 3851 Die,
1022 3781 1159 3837 audiamus
1173 3797 1180 3834 :
1195 3777 1295 3832 Paulos
1307 3793 1393 3831 serum
1406 3773 1500 3831 Clarirti
1518 3774 1597 3842 ictu,
1619 3787 1665 3842 per

142 3868 193 3939 itt).
209 3868 289 3925 Putas
302 3869 408 3924 omnia?
429 3869 497 3938 Quid
518 3880 687 3942 peccatorum
702 3888 824 3929 remane·
874 3874 1025 3932 uoluntatem
1040 3870 1087 3927 liei
1106 3870 1192 3943 (Rom.
1207 3885 1234 3937 i,
1247 3870 1275 3936 l,
1298 3877 1322 3923 et
1336 3866 1347 3922 l
1359 3865 1419 3924 dor.
1433 3882 1460 3935 t,
1476 3867 1515 3939 i).
1529 3861 1664 3936 Numquid

142 3960 211 4016 arido
225 3972 253 4018 ει
272 3961 338 4017 illud
359 3972 497 4033 pcccatum
510 3965 701 4034 remittebatur,
716 3981 768 4038 qim
780 3982 823 4022 rc-
874 3982 923 4038 per
934 3966 1095 4021 voluntatem
1111 3971 1198 4026 tuam,¹
1208 3977 1225 4015 o
1237 3960 1337 4017 Saule?
1347 3960 1398 4015 Per
1408 3960 1571 4015 voluntatem
1587 3965 1658 4013 tuam

145 4053 249 4108 occisus
258 4062 299 4108 est
313 4054 497 4123 peccatorum?
511 4055 579 4122 Quid
591 4055 675 4126 peius,
689 4072 767 4127 quam
782 4073 824 4113 oc·
874 4057 984 4125 scimus,
996 4056 1110 4113 vidimus
1124 4054 1224 4110 lructus
1239 4063 1298 4108 tuos
1315 4070 1321 4107 :
1336 4051 1440 4107 occisus
1454 4060 1495 4105 est
1509 4047 1661 4118 Stephanus

142 4142 289 4199 dhrismmi
302 4143 357 4200 lloc
367 4142 482 4221 deletum
495 4154 544 4201 est.
557 4146 626 4214 Quid
638 4147 732 4219 igitur?
744 4147 824 4205 Forte
875 4150 1096 4222 perrotunatem
1118 4135 1199 4204 tuum.
1215 4146 1267 4202 Per
1281 4144 1442 4199 volumtatem
1462 4142 1527 4206 liei,
1542 4140 1664 4196 videmos

142 4236 180 4290 los
193 4234 243 4290 luit
256 4235 425 4306 Stephanus:
437 4237 466 4292 si
481 4240 551 4295 inter
565 4240 625 4297 illos
646 4240 711 4308 loit;
735 4250 762 4296 ct
777 4256 824 4312 pro
875 4241 977 4299 lructus
990 4251 1050 4296 tuns
1060 4258 1068 4295 t
1080 4239 1176 4310 ubique
1190 4237 1297 4308 legeris,
1310 4235 1408 4306 ubique
1423 4232 1553 4300 recitaris,
1563 4231 1663 4302 ubique

142 4327 178 4381 uit
190 4327 233 4383 illa
248 4329 344 4393 oratio,
358 4327 444 4396 Pater,
455 4329 555 4402 ipnotre
566 4331 628 4398 iliis,
641 4333 701 4405 piris
711 4333 823 4388 nesciunt
875 4336 909 4391 ad
923 4334 1056 4391 Christum
1069 4331 1235 4387 adversantia
1248 4328 1328 4385 corda
1342 4327 1490 4392 convotis,
1507 4325 1605 4395 ubique
1615 4338 1664 4394 pa-

142 4419 214 4472 riunt.
226 4418 327 4475 Tamen
341 4429 369 4475 ει
381 4419 476 4477 Saltim
488 4423 556 4478 inter
566 4423 623 4480 illos
636 4424 694 4481 luit.
705 4425 771 4482 Corn
785 4428 825 4484 la·
876 4436 933 4483 stur
944 4424 1030 4480 bonos
1043 4437 1153 4493 magnos
1164 4435 1257 4492 greges
1268 4418 1381 4488 colligis.
1396 4418 1461 4471 Com
1477 4429 1510 4471 en
1523 4430 1602 4485 qoem
1623 4414 1664 4468 la·

142 4526 172 4566 ur
185 4509 337 4580 Stephanus
346 4526 439 4583 agnus,
454 4513 598 4571 adhucillo
611 4518 769 4589 eratlopun
782 4519 825 4575 ad·
875 4515 991 4590 pidasti,
1011 4529 1072 4568 curn
1093 4511 1199 4569 christo
1212 4523 1317 4580 regnas.
1331 4508 1416 4563 Ambo
1436 4507 1472 4561 ibi
1487 4519 1535 4560 ros
1556 4503 1664 4569 videtin

142 4600 263 4670 nguinem
287 4601 408 4667 sitiebam
424 4602 510 4658 adhuc
530 4619 626 4661 manos
644 4620 707 4663 suas
729 4609 824 4679 qtiibus
876 4607 954 4662 ambo
967 4603 1207 4660 modosermcucm
1222 4595 1665 4664 nmirumanditimamboprono-

142 4703 165 4750 et
192 4711 284 4765 parum
311 4696 438 4767 putabat,
469 4697 642 4768 lapidantium
664 4702 824 4759 vestimenta
875 4700 917 4755 bis
935 4706 1018 4754 orate.
1032 4694 1132 4751 Ambos
1151 4706 1198 4748 sot
1218 4689 1359 4757 exaudiet,
1379 4686 1423 4757 qui
1438 4702 1485 4743 ros
1504 4684 1665 4750 coronarit,

142 4794 167 4838 ιι.
179 4784 251 4856 Ergo
264 4786 385 4842 recolens
394 4787 458 4857 quid
470 4802 518 4857 pro
529 4803 559 4844 se
572 4788 672 4845 dictum
686 4790 739 4857 sit,
754 4792 777 4847 si
792 4802 820 4849 et
876 4805 956 4847 unum
971 4789 1062 4859 prius,
1078 4788 1189 4842 alterum
1203 4790 1293 4854 postea
1307 4797 1315 4838 t
1328 4794 1409 4835 unum
1432 4778 1477 4850 qui
1498 4775 1667 4849 persecutio·

142 4891 173 4931 er
185 4876 245 4932 ilios
257 4876 365 4941 orando
376 4878 472 4949 quilius
482 4863 548 4934 diiii
562 4879 700 4944 Dominus,
711 4884 822 4952 girando
875 4898 937 4941 nem
952 4893 1045 4952 passus
1059 4887 1117 4946 est,
1130 4878 1243 4933 alterum
1256 4873 1300 4945 qni
1316 4883 1471 4943 perseeutor
1480 4878 1530 4926 eil·
1544 4866 1667 4924 1111111111

142 4975 199 5034 ater,
211 4968 311 5037 ipnosee
327 4968 393 5035 illia,
413 4971 473 5039 quio
493 4970 606 5024 nesciunt
623 4972 685 5041 guid
705 4975 820 5044 socium,⁸
875 4988 959 5043 agrius
970 4979 1037 5035 erat,
1052 4969 1096 5025 ille
1107 4976 1194 5022 autern
1209 4966 1287 5035 lopus
1299 4972 1357 5018 erat
1369 4980 1375 5017 :
1388 4959 1468 5016 modo
1480 4969 1568 5014 autem
1580 4957 1665 5018 amito

142 5074 221 5129 crgo
233 5059 313 5114 etium
328 5060 355 5114 in
377 5059 428 5115 hoc
443 5061 500 5131 ipso
515 5060 654 5117 bominum
676 5079 771 5133 suum,
793 5074 823 5122 ut
875 5065 935 5135 agni
950 5069 1020 5119 sunt.
1039 5059 1107 5132 llgni
1124 5065 1269 5128 agnoscunt
1291 5069 1340 5108 ¹¹⁰⁵
1351 5094 1359 5118 ι
1372 5061 1399 5108 el
1418 5051 1445 5106 111
1464 5063 1545 5121 81180
1562 5046 1665 5103 Christi

142 5149 205 5204 ricus
216 5149 407 5218 esset,dluitet
420 5152 486 5220 ipse,
497 5149 824 5219 hominembonum
875 5157 982 5213 videant
994 5169 1043 5209 nos
1058 5171 1066 5207 ι
1079 5149 1243 5207 orationibus
1259 5148 1314 5202 suis
1335 5142 1524 5202 commendent
1546 5155 1613 5207 nos,
1634 5147 1663 5197 ut

142 5252 224 5295 cotum
235 5239 289 5314 (ld.
302 5257 351 5308 mr,
366 5242 421 5314 59).
433 5242 486 5300 Sed
495 5244 628 5314 quomodo
638 5246 722 5302 dixit?
734 5248 824 5307 Posito
876 5248 991 5320 quietum
1001 5252 1029 5301 ει
1038 5241 1205 5314 tranquillam
1220 5239 1300 5295 sitam
1312 5237 1455 5307 impetrent
1464 5233 1591 5292 moene
1606 5231 1660 5289 llo·

142 5351 145 5386 ι
160 5340 241 5387 ιειιι.
256 5331 291 5388 Sc
302 5343 375 5400 staps
389 5335 583 5391 commendauit
595 5354 601 5390 :
615 5339 721 5408 quando
734 5342 820 5397 uniit
876 5339 940 5395 mini
954 5337 1005 5393 sui.

142 5509 303 5570 nicusus,
321 5515 345 5560 o
362 5508 624 5575 immorantem
642 5514 686 5565 ruo
705 5515 824 5580 umen
908 5510 1008 5609 :codex
1020 5500 1596 5627 mffifflsswfflm„
1605 5557 1645 5612 tte

142 5629 692 5758 ῐοζιιῗξθιενιηΰιαιιιιιιιιτεοέεἶναιιἰιιιιιιιιρειιιιιιιιιιιὲι,
704 5639 769 5692 unde
777 5654 822 5706 per
930 5582 1016 5637 neam
1027 5578 1054 5622 a
1268 5599 1290 5614 ··
1445 5631 1450 5639 ’
1644 5591 1655 5611 ⁰
