3728 6276
122 177 172 235 ttt
741 172 769 229 S.
789 166 973 228 accusauit
992 166 1143 227 uniscunt

123 292 207 362 siqua
219 288 311 356 ednas,
324 287 473 344 iortecnim
482 301 535 342 non
546 296 588 343 est
603 287 658 343 illic
672 286 740 341 itlius
751 286 833 357 pacis,
847 284 913 339 nibil

124 381 240 451 perdidit
252 381 296 453 qui
310 380 447 447 ιιιιιιιιίις
461 380 496 435 ad
508 396 569 448 uos,
584 379 679 451 iuquit,
695 386 838 433 renuatur.
857 376 913 431 lic-

125 481 243 527 uertctur
262 471 295 527 ad
318 480 363 536 tc,
379 486 438 542 quae
457 486 510 527 non
529 470 651 526 discessit
671 484 687 524 a
706 479 743 524 tc.
762 467 820 523 Hoc
840 465 912 522 euim

124 560 213 617 dicere
227 561 310 616 soluit
324 578 331 615 :
346 560 405 616 Tibi
419 560 529 632 prodest
549 559 621 631 quod
645 557 826 622 annuntiasti,
845 555 912 610 nibil

123 652 149 708 ei
161 651 259 724 proluit
272 653 317 722 qui
331 667 383 708 noo
398 653 515 723 suscepit
532 669 539 705 :
557 651 684 721 nunquia
700 649 745 705 ille
763 649 849 705 inanis
867 662 912 703 re-

124 741 230 807 mansit,
245 741 304 797 ideo
313 750 342 796 tu
348 741 486 813 perdidisti
499 738 794 807 mercedcm;rcdditur
804 739 852 795 tibi
862 753 912 809 pro

123 832 259 887 uoluntate
272 839 328 899 tua,
343 832 462 888 redditur
485 832 532 888 tibi
556 846 605 902 pro
625 831 754 887 charitate
765 845 845 901 quam
860 831 912 885 im·

123 919 349 990 pandisti,reddet
359 921 407 977 tibi
415 921 459 991 qui
471 929 627 977 tesecurum
639 918 772 975 iccituooe
781 919 910 990 angelica,

123 1011 184 1069 Pas
195 1013 223 1068 in
241 1023 307 1069 terra
318 1013 460 1069 bominibus
476 1012 549 1068 bonu
565 1013 700 1067 uoluntatis
720 1010 795 1085 (buc.
809 1027 839 1078 n,
854 1010 910 1081 tt).

372 1147 487 1205 subito
503 1145 548 1202 ctl
566 1144 636 1219 ¹(a).

123 1281 162 1338 De
174 1283 252 1339 aeriis
267 1282 400 1354 Euunqelii
417 1282 508 1352 Luce,
523 1284 574 1353 Qui
592 1300 641 1341 uos
654 1287 765 1358 spernit,
780 1257 824 1343 mc
837 1301 912 1356 sper·

368 1373 416 1430 nit.
432 1374 495 1447 Gap.
512 1392 539 1442 r,
560 1377 596 1445 i.
613 1377 656 1432 lu.

157 1482 268 1540 CAPUT
293 1484 431 1540 balbuli.
447 1515 482 1526 -
496 1487 522 1540 l.
552 1484 699 1542 Parietibus
735 1487 818 1541 debita
840 1503 910 1542 rene·

121 1575 212 1629 rectia.
232 1574 370 1630 Pastorum
380 1578 480 1631 solatia.
496 1577 624 1643 Dominus
639 1589 729 1635 noster
740 1580 817 1636 iesus
831 1579 910 1635 Citri-

121 1672 179 1718 stus
202 1664 272 1734 quod
298 1664 434 1734 discipulis
458 1667 514 1723 suis
540 1668 698 1739 loquebatur
719 1670 765 1725 illo
791 1678 911 1740 tempore

123 1751 306 1818 scribebatur,
322 1762 349 1808 et
362 1754 439 1809 nobis
452 1755 485 1810 ad
499 1756 659 1812 audiendum
681 1759 831 1828 parabatur.
854 1765 910 1813 An-

122 1839 236 1896 divimus
249 1858 313 1912 ergo
324 1844 404 1900 uerba
417 1845 484 1914 ejus.
495 1846 563 1914 Quid
573 1849 645 1903 enim
659 1849 736 1906 uobis
749 1851 888 1921 prodesset
901 1893 909 1917 ,

121 1930 144 1984 si
163 1930 316 2000 uideretur,
338 1943 366 1989 et
388 1949 440 1989 non
464 1937 617 1993 audiretur?
637 1939 692 1995 Nec
712 1941 792 1995 modo
812 1942 910 2012 aliquid

121 2022 206 2088 obest,
219 2024 279 2094 quia
289 2040 342 2079 non
352 2024 465 2094 uidetur,
479 2036 506 2082 et
516 2039 603 2084 nmen
615 2029 730 2085 auditur.
746 2031 815 2086 Dicit
824 2047 887 2102 ergo
901 2051 907 2086 :

123 2112 174 2180 Qui
195 2128 238 2178 qut
258 2114 363 2185 sommi,
376 2131 416 2169 me
428 2119 532 2185 speruit.
548 2117 576 2174 Si
594 2119 658 2173 solis
672 2119 806 2189 apostulis
818 2120 885 2175 dixit
901 2161 908 2186 ,

122 2201 172 2268 Qui
191 2220 235 2259 coa
254 2206 360 2280 aperuit,
385 2223 426 2261 me
447 2208 562 2277 apemit‚·
577 2210 694 2279 spernite
707 2227 766 2267 nos.
780 2211 808 2267 st
821 2223 909 2268 autem

119 2307 208 2347 semro
220 2291 279 2364 ejus
292 2296 457 2364 pervenitad
471 2312 531 2365 nos,
541 2306 569 2353 et
581 2300 684 2355 uocauit
698 2295 765 2367 nos,
780 2310 808 2358 et
819 2303 846 2357 in
861 2318 909 2359 co·

120 2399 177 2437 turn
189 2383 249 2439 ioco
259 2386 397 2442 constituit
409 2403 458 2443 nos
472 2390 500 2455 ¹;
515 2389 603 2447 videte
615 2407 649 2447 ne
660 2388 791 2463 spernatis
802 2408 862 2460 uos,
876 2413 910 2452 ne

118 2474 152 2529 ad
175 2474 251 2530 illum
270 2477 406 2545 perueniat
427 2478 522 2549 injuria
537 2496 617 2550 quam
638 2482 715 2538 nobis
737 2483 861 2540 feceritis.
880 2486 909 2541 Si

118 2563 189 2619 coint
205 2579 254 2619 uos
270 2581 323 2622 non
339 2567 454 2634 tinretis;
475 2569 548 2625 illum
572 2571 663 2627 timete
683 2574 729 2643 qui
752 2574 837 2641 dixit,
859 2576 910 2641 Ωιι

118 2667 161 2708 uos
184 2656 294 2724 aperuit,
317 2672 357 2711 nte
374 2659 479 2729 apernit.
502 2659 570 2728 Quid
594 2670 682 2717 autem
704 2678 753 2718 rtos
776 2665 910 2735 loquimur

119 2744 204 2813 uobis,
218 2747 264 2816 qui
283 2749 371 2817 sperni
386 2750 510 2807 nolumus
522 2767 537 2806 a
550 2752 643 2818 robis,
658 2755 708 2809 nisi
722 2764 751 2810 ut
764 2756 799 2813 de
812 2760 909 2817 uestris

118 2835 194 2890 bonis
219 2837 338 2894 moribus
358 2839 539 2910 gaudeamus?
553 2843 736 2900 Periculosum
757 2857 908 2905 nostrorum

117 2925 171 2980 sint
190 2927 294 2993 solatia,
312 2937 399 2985 restra
418 2929 486 2985 bona
503 2944 594 3000 opera.
611 2933 695 2991 Viuite
709 2935 787 3003 benc,
802 2953 836 2994 ue
848 2954 908 2994 mo·

117 3015 221 3072 riamini
234 3019 314 3073 male.

152 3104 180 3161 2.
197 3102 269 3162 Hora
281 3122 397 3177 quterram
409 3125 466 3165 uere
478 3112 542 3167 iona
555 3114 594 3169 uei
607 3115 676 3170 maia
695 3118 738 3171 sit.
759 3118 813 3176 Nec
827 3120 853 3176 io
867 3120 908 3178 bis

117 3193 349 3266 uerbisquaedixi,
365 3196 451 3256 Viuite
462 3200 539 3265 berte.
555 3219 590 3260 ue
607 3205 756 3262 moriamini
770 3211 850 3276 male,
865 3219 907 3266 at·

118 3283 233 3342 tendatis
245 3301 292 3342 eos
304 3287 348 3356 qui
362 3287 430 3344 torte
448 3293 517 3348 male
537 3292 680 3364 vixerunt,
704 3307 731 3353 et
752 3298 778 3354 in
804 3301 908 3359 lectulis

117 3373 172 3430 suis
191 3377 290 3431 mortui
310 3386 388 3445 suttt3
403 3388 430 3435 et
442 3391 499 3436 acta
519 3392 559 3438 est
573 3399 667 3455 pompa
681 3386 782 3445 funeris
795 3405 906 3459 eorum,

117 3474 146 3521 et
157 3466 235 3537 positi
256 3477 319 3523 sunt
343 3469 369 3524 in
393 3473 517 3541 pretiosis
539 3476 720 3549 sarcophagis,
735 3481 763 3535 in
777 3481 908 3551 sepulcris

117 3558 294 3627 pulcherrime
307 3569 335 3618 ct
346 3564 536 3635 operosissime
557 3567 709 3626 lubricatis:
723 3580 751 3628 et
762 3572 824 3644 quia
837 3573 907 3633 lorte

115 3649 181 3705 dicit
192 3651 243 3709 sibi
257 3654 438 3727 uoustptisque
448 3666 577 3726 vestrum,
596 3659 699 3718 Vellem
710 3664 750 3721 sic
762 3666 842 3733 mori,
856 3682 907 3737 pu-

116 3739 178 3796 tetis
191 3755 235 3797 me
258 3757 316 3799 rem
335 3758 431 3800 uanam
452 3745 543 3805 dicere
566 3750 698 3816 voluisse:
711 3755 837 3824 quoniam
849 3755 907 3813 diri

115 3829 184 3885 velle
195 3845 239 3886 me
252 3841 281 3887 ut
293 3832 361 3889 bene
376 3835 482 3904 riratis,
495 3853 529 3894 nc
542 3840 612 3896 male
623 3841 785 3900 moriamini.

150 3917 263 3976 CAPUT
276 3919 308 3977 tt.
322 3951 359 3963 -
376 3924 473 3980 Contra
489 3923 555 3983 iorte
568 3932 684 3987 occurrit
701 3933 807 4004 aliquis,
820 3936 865 4006 qui
879 3947 908 3992 et

113 4007 182 4063 bene
202 4008 285 4076 uixit,
305 4020 333 4067 et
351 4013 496 4070 meandum
514 4018 666 4087 opinionem
686 4021 823 4080 bominum
837 4028 906 4084 tualo

112 4103 155 4153 cst
174 4106 294 4155 mortuus
307 4116 315 4152 ε
329 4098 398 4157 lorte
410 4117 426 4157 a
438 4105 514 4159 ruina
527 4115 569 4162 est
582 4119 722 4180 mortuus,
737 4128 753 4169 a
769 4116 906 4190 naufragio

113 4194 294 4256 mortuusest,
304 4188 418 4246 abestiis
431 4201 552 4251 mortuus
561 4199 905 4280 est;ctdieitunusquisquc

112 4280 229 4336 earnalis
249 4280 275 4335 in
297 4282 378 4338 corde
395 4298 455 4352 suo,
477 4286 601 4355 Quidem
620 4291 690 4350 berte
713 4297 823 4356 uiuerei
835 4300 905 4358 Ecce

112 4371 159 4428 ille
172 4372 212 4428 sic
223 4369 299 4440 vixit,
309 4383 337 4429 et
353 4375 392 4430 sic
404 4385 446 4431 cst
457 4388 588 4438 mortum.
604 4382 698 4442 ltedite
711 4403 775 4460 crgo
787 4390 821 4447 ad
835 4405 882 4448 cor
895 4412 904 4449 ι

113 4466 142 4516 ct
163 4461 187 4518 si
206 4460 299 4526 lideles
310 4464 385 4530 estis,
401 4464 540 4524 inuenietis
553 4470 589 4526 ibi
601 4472 905 4550 Gbristum;ipscrobis

115 4552 233 4623 loquitur
247 4553 295 4608 ibi.
308 4553 365 4624 Ego
379 4557 449 4611 enim
464 4557 551 4614 clamo
571 4577 578 4614 ι
599 4562 644 4619 illc
664 4579 729 4621 uero
749 4569 775 4624 in
799 4571 904 4629 silentio

113 4642 267 4715 plusducct.
276 4644 435 4717 Egoloquor
445 4663 495 4719 per
505 4665 600 4708 sonum
614 4659 764 4715 sermonis:
778 4661 823 4719 illc
834 4663 905 4722 intus

114 4733 230 4805 loquitur
241 4748 289 4805 per
303 4736 425 4793 limorum
443 4741 620 4812 cogitationis.
641 4747 711 4819 lirgo
734 4750 790 4822 ipse
804 4752 904 4811 inserat

113 4839 140 4878 tn
155 4823 236 4881 corde
247 4834 336 4881 restro
346 4828 455 4884 uerbum
466 4845 554 4888 meum
569 4853 576 4889 ι
590 4839 715 4906 quoniam
726 4840 904 4903 dicereausus

112 4930 183 4982 sum,
198 4916 271 4976 Bene
282 4918 378 4986 vivite,
395 4936 430 4975 ne
442 4923 511 4979 male
524 4926 683 4987 moriamini.
697 4932 765 4990 Ecce
778 4939 902 5006 quoniam

113 5006 179 5063 lidus
188 5016 230 5064 cst
242 5010 267 5064 ln
280 5011 405 5068 cordibus
414 5015 520 5084 restris,
532 5025 561 5072 et
569 5016 605 5075 ibi
618 5030 660 5077 est
670 5024 801 5094 cbristus,
811 5039 837 5085 et
847 5031 903 5102 ipsc

113 5088 194 5155 babet
202 5100 300 5158 doecre
309 5104 380 5175 quod
390 5121 440 5176 ego
452 5109 530 5178 cupio
543 5126 695 5181 personare.

147 5189 174 5244 3.
185 5187 277 5246 Dicitis
288 5204 312 5247 et
325 5192 420 5251 Lcaam
431 5201 559 5254 contraria
572 5219 627 5259 aare
640 5217 696 5275 past
713 5206 826 5269 mortem.
848 5214 901 5273 ilc·

117 5322 121 5330 ·
142 5320 257 5386 ΙιιΙιιιιιοι
268 5331 332 5386 uss,
340 5334 363 5379 ιι
373 5327 436 5381 areo
447 5331 551 5386 locotus
561 5338 689 5392 cmuituit.

142 5384 152 5402 '
174 5386 315 5437 ueceusitus
329 5390 359 5438 ad
376 5398 429 5442 tres
444 5395 485 5443 bn.
499 5405 637 5461 eiqttatttor
647 5403 678 5453 cl.
691 5404 720 5454 ad
736 5418 759 5456 a.
772 5408 810 5459 cb.
834 5408 850 5458 l.
872 5409 900 5462 is.

110 5457 135 5506 g.
148 5442 178 5492 ir.
187 5458 219 5493 nt.
233 5460 256 5508 p.
274 5461 319 5496 rm.
332 5450 370 5500 ud.
384 5461 434 5503 tm.
447 5461 483 5505 Er.
496 5465 546 5507 t‘ar.
559 5467 612 5512 lot.

141 5504 179 5567 (a)
191 5506 297 5565 aliusue
310 5513 395 5563 t'erbis
405 5519 496 5567 bantini
507 5518 545 5568 ιι.

966 281 1114 338 cordamini
1137 283 1164 338 in
1182 283 1325 356 Evangelio
1342 284 1452 341 divitem
1468 284 1555 356 ἰΙΙιιιιι,
1569 295 1629 359 etp

966 375 1041 430 illum
1057 375 1186 431 :diuitem
1208 377 1328 433 indutum
1349 393 1467 449 purpura
1477 388 1508 437 et
1520 366 1611 453 blm·
1624 399 1629 441 ι

965 465 1053 522 diaois
1065 467 1151 536 epulis
1167 468 1330 538 saginatum:
1345 484 1487 541 pauperem
1498 485 1564 527 uero
1575 470 1629 529 ih

966 567 1019 612 tem
1041 567 1103 612 ante
1120 556 1230 628 januam
1247 557 1347 628 diuitis,
1361 550 1534 626 esurientem.
1557 570 1588 619 et
1605 560 1629 619 ἀ

965 647 1023 717 ejus
1034 648 1117 703 micas
1131 649 1326 719 requirentem,
1345 652 1476 708 uioeribus
1489 653 1629 724 pleneme

965 737 1085 793 linctum.
1098 738 1283 795 Recordamiai
1297 755 1361 812 ergo
1377 741 1467 798 :uode
1483 743 1629 801 recordanti

964 828 1025 898 quia
1039 828 1074 884 ibi
1087 837 1129 883 cst
1141 827 1263 885 Cirristns
1280 831 1307 885 in
1325 831 1450 888 cordibus
1468 833 1629 891 uestrisilli

964 917 1028 988 quid
1055 918 1141 987 ipsum
1167 919 1239 974 intus
1265 920 1508 991 interrogaveritis,
1534 932 1563 979 ct
1586 938 1629 983 ret

964 1007 1049 1062 robis.
1059 1006 1183 1077 Sequitur
1195 1009 1287 1075 enim,
1306 1019 1334 1065 ct
1351 1010 1416 1067 dicit
1431 1029 1438 1066 :
1455 1012 1565 1085 Contigit
1577 1030 1629 1071 tuor

963 1096 1047 1162 iilum,
1063 1107 1086 1153 et
1102 1099 1198 1170 ausuri
1211 1100 1243 1154 ai
1257 1099 1359 1171 nuqua
1368 1102 1396 1156 in
1409 1103 1492 1157 unam
1503 1103 1623 1161 aurete.

964 1194 1000 1241 eat
1013 1195 1097 1241 autern
1108 1197 1132 1241 et
1143 1187 1222 1254 diues,
1237 1198 1261 1243 et
1272 1191 1384 1258 sepultus
1398 1200 1435 1246 est
1445 1191 1473 1247 in
1482 1193 1620 1265 infernum.

964 1287 1013 1332 tero
1031 1279 1058 1332 in
1072 1280 1200 1335 tormentit
1213 1292 1287 1349 esset,
1302 1282 1391 1337 iecerit
1403 1284 1489 1339 oculos
1501 1301 1572 1350 suat,
1587 1296 1629 1343 ιιι

962 1385 1051 1423 aarum
1064 1371 1256 1439 requiescentem
1269 1372 1296 1427 in
1307 1373 1364 1428 unu
1385 1373 1503 1430 Mucia.
1526 1374 1599 1432 Tana
1615 1392 1629 1433 c

963 1459 1070 1515 diceas:
1085 1458 1163 1514 Pater
1175 1461 1321 1529 Abrabam,
1339 1462 1457 1519 otiam
1467 1466 1527 1530 mei,
1542 1476 1566 1521 et
1587 1468 1629 1522 atil

962 1565 1038 1615 autu,
1058 1559 1086 1605 ut
1104 1551 1211 1622 intinqat
1229 1550 1335 1623 digitum
1347 1569 1421 1607 auam
1433 1555 1582 1625 inaquam,
1600 1566 1623 1613 et

963 1640 1075 1710 linquam
1088 1656 1179 1707 truatn,
1191 1642 1251 1713 qaia
1264 1644 1363 1697 muciar
1376 1643 1403 1697 iu
1421 1646 1469 1698 itae
1489 1644 1629 1715 flammai

963 1730 1106 1800 temporis,
1129 1732 1266 1787 mendicus
1285 1731 1392 1789 inierni.
1415 1734 1518 1805 Pauper
1538 1736 1612 1792 enim

962 1818 1086 1874 ueniebat
1106 1820 1140 1874 ad
1164 1821 1259 1876 micam
1274 1822 1282 1854 ¹
1300 1840 1306 1876 :
1321 1822 1364 1878 illc
1378 1838 1442 1879 uero
1460 1840 1512 1879 uon
1527 1828 1629 1897 perrea?

961 1917 1072 1978 guttam.
1088 1910 1127 1964 bc
1140 1908 1244 1966 duobus
1256 1926 1320 1982 ergo
1341 1912 1415 1978 istis,
1440 1913 1520 1970 dicite
1541 1916 1624 1985 mibi,

962 1997 1030 2053 bene
1041 2007 1171 2067 mortuus,
1181 2002 1276 2071 etquis
1286 2011 1328 2058 est
1338 2004 1555 2061 malamortuusi
1566 2006 1629 2063 Noli

962 2087 1135 2159 interrogare,
1153 2090 1186 2144 ad
1205 2092 1358 2148 corrodite.
1375 2092 1404 2149 st
1418 2095 1488 2149 euim
1502 2096 1594 2153 oculos
1604 2098 1629 2153 iu

961 2178 1071 2245 ueritis,
1091 2179 1157 2234 lalsa
1172 2180 1247 2234 uobis
1261 2181 1430 2251 respondent.
1446 2184 1557 2241 llultum
1571 2186 1629 2243 enin

962 2264 1022 2320 dida
1046 2275 1124 2332 sunt,
1145 2276 1173 2322 et
1192 2269 1355 2326 seculariter
1368 2270 1465 2338 iocata,
1484 2288 1546 2344 quac
1558 2273 1629 2333 illidi

963 2354 1042 2409 rienti
1070 2353 1188 2411 caltiberi
1214 2366 1367 2426 potuerunt.
1395 2362 1461 2428 Quae
1484 2372 1626 2432 potuerunt

962 2446 1141 2515 plangentium
1168 2462 1229 2504 esse
1254 2464 1391 2505 seruorum
1419 2461 1447 2508 et
1483 2453 1629 2511 ancillarun

961 2549 1059 2605 pompa
1068 2535 1224 2591 clientiumi
1236 2538 1282 2608 qui
1291 2538 1419 2610 splendor
1427 2539 1547 2598 iunerisi
1557 2542 1627 2614 quod

960 2625 1122 2695 sepulturae?
1142 2626 1229 2682 Credo
1249 2645 1310 2684 cunr
1334 2632 1498 2688 aromatibus
1522 2635 1629 2692 obrutus

961 2728 1025 2786 ergo
1034 2715 1131 2771 dicturi
1143 2731 1245 2782 stamus,
1260 2718 1366 2788 iratres,
1381 2720 1449 2777 benc
1462 2723 1543 2777 istum
1557 2732 1629 2781 marl

960 2807 1031 2862 male
1045 2817 1177 2864 mortuum
1188 2809 1200 2863 l
1211 2807 1239 2865 Si
1254 2811 1345 2867 oculos
1359 2814 1547 2885 interrogatis,
1566 2816 1629 2885 optit

961 2903 1022 2954 tuus
1038 2908 1080 2953 est
1098 2916 1105 2951 z
1125 2899 1147 2953 si
1165 2900 1321 2970 magistrum
1345 2910 1463 2957 uestrum
1481 2904 1629 2962 interiores

961 2988 1029 3054 ritis,
1045 2991 1161 3059 pessime
1175 3000 1296 3047 mortuus
1310 3002 1361 3049 est.
1403 3000 1405 3005 ’

995 3080 1109 3137 catut
1123 3080 1249 3138 lll.-t.
1273 3083 1345 3139 Hora
1371 3086 1438 3140 tande
1456 3088 1525 3143 maia
1551 3106 1629 3147 censet

959 3168 987 3223 st
1002 3185 1065 3241 ergo
1077 3173 1116 3226 sie
1128 3173 1279 3228 moriuntur
1292 3175 1400 3244 superbi
1418 3191 1508 3232 rerum
1523 3192 1629 3237 suarm

960 3267 1075 3326 ratores,
1087 3270 1115 3316 et
1126 3261 1190 3316 nibil
1203 3263 1264 3319 inde
1275 3266 1435 3335 pauperibus
1444 3267 1587 3339 largientes
1597 3288 1605 3327 ε
1617 3286 1629 3343 q

960 3350 1108 3406 moriuntur
1120 3353 1164 3423 qui
1178 3355 1285 3423 rapiunt
1297 3370 1341 3411 res
1353 3357 1473 3414 alienas?
1484 3358 1585 3418 Verum
1598 3377 1629 3421 er

960 3437 1048 3497 virtue
1068 3442 1152 3510 bene,
1167 3457 1202 3499 ne
1214 3446 1283 3500 male
1296 3448 1463 3517 moriamini,
1482 3465 1518 3508 rte
1531 3466 1629 3523 quotus

959 3529 1005 3586 illc
1016 3532 1177 3587 moriamini.
1190 3533 1249 3589 lion
1263 3536 1358 3606 probat
1369 3539 1465 3594 nralam
1478 3551 1605 3613 mortem,
1618 3558 1629 3601 t

958 3636 1008 3692 pus
1020 3631 1081 3692 post
1093 3633 1216 3680 mortem.
1231 3626 1355 3682 Econtra
1364 3628 1493 3686 attendite
1506 3630 1580 3687 illum
1589 3647 1629 3705 pst

958 3713 1040 3770 nolite
1050 3715 1144 3783 oculis,
1154 3730 1215 3772 nam
1225 3718 1365 3786 errabitis;
1382 3720 1449 3777 tides
1457 3723 1587 3792 attendat,
1597 3739 1629 3783 ea

959 3802 1201 3862 Constituiteillnm
1211 3816 1274 3864 ame
1285 3809 1378 3865 oculos
1388 3812 1629 3882 vesuosjacenteru

960 3892 1121 3960 ulcerosum,
1134 3897 1273 3953 venientes
1281 3913 1362 3954 canes
1374 3899 1504 3970 lingentes
1515 3903 1605 3961 ulcera
1615 3919 1629 3962 ι

959 3997 1020 4039 cum
1035 3985 1115 4041 talem
1134 3986 1207 4043 illuto
1229 3990 1361 4045 revocatis
1373 4000 1434 4047 ante
1447 3992 1540 4050 oculos
1553 4003 1629 4053 resur

958 4074 1033 4129 tinuo
1051 4077 1198 4147 exspuitis,
1226 4078 1319 4136 iaciem
1341 4083 1478 4152 eremitis,
1506 4086 1629 4144 nares'ul

956 4162 1051 4219 cordis
1072 4166 1156 4221 oculis
1178 4167 1274 4225 uidete.
1295 4169 1414 4226 biortuus
1430 4181 1481 4238 est,
1500 4184 1528 4230 et
1544 4176 1629 4235 ablata

956 4255 1067 4326 Angelis
1086 4256 1112 4312 in
1132 4258 1219 4314 sinum
1239 4259 1362 4316 Abrabae.
1382 4262 1492 4320 Familia
1509 4266 1629 4326 divitiani

957 4346 1084 4416 plangens
1106 4364 1113 4401 ε
1135 4348 1229 4417 Angeli
1251 4364 1304 4405 non
1328 4352 1485 4410 uidebantur
1506 4359 1629 4427 gauumu

956 4453 1020 4509 ergo
1035 4440 1171 4511 respoudit
1189 4441 1261 4497 diuiti
1282 4444 1434 4501 Abrabami
1450 4447 1594 4522 Remeato,
1609 4452 1629 4524 p

957 4532 1090 4602 percepisti
1110 4533 1175 4589 iana
1196 4537 1224 4591 in
1242 4537 1293 4591 uita
1312 4547 1357 4592 tua
1377 4539 1453 4613 (Luc.
1474 4558 1533 4613 att,
1555 4546 1629 4607 tuat

956 4619 1054 4676 bonum
1070 4624 1176 4693 putasti,
1193 4625 1243 4681 nisi
1257 4628 1326 4698 quod
1342 4629 1368 4683 in
1383 4630 1433 4687 ista
1448 4633 1501 4688 uita
1522 4635 1629 4696 babuist

957 4712 1041 4781 pisti:
1062 4714 1110 4769 sed
1130 4717 1292 4773 transierum
1305 4719 1386 4776 dies:
1405 4732 1433 4779 et
1452 4733 1537 4782 totum
1552 4730 1629 4799 perdi

957 4803 1120 4873 torquendus
1134 4805 1160 4860 in
1174 4807 1264 4863 inieris
1278 4812 1438 4868 remansisti.

990 4892 1104 4951 CAPUT
1119 4895 1239 4954 ltu-5.
1258 4898 1383 4956 Hortatur
1394 4904 1428 4957 ad
1450 4906 1516 4962 bonu
1533 4926 1622 4981 opera.

957 4992 1048 5040 tonum
1060 5001 1124 5058 ergo
1135 4997 1186 5054 cst,
1201 4989 1304 5059 iratres,
1316 5001 1346 5048 ut
1356 4992 1412 5050 lnce
1422 4996 1498 5054 uobis
1509 5000 1629 5063 dicantur

955 5074 1010 5131 dite
1022 5076 1162 5148 pauperes,
1176 5083 1232 5138 sive
1241 5083 1371 5152 jacentes,
1387 5089 1443 5144 siue
1455 5091 1627 5157 ambulantes

955 5165 1010 5220 dite
1024 5182 1163 5236 pauperes,
1181 5171 1257 5227 breite
1271 5189 1351 5243 opera
1366 5176 1445 5231 bona.
1459 5179 1509 5248 unt
1528 5184 1629 5255 soletis,

956 5266 982 5309 ct
997 5257 1042 5327 qni
1055 5273 1107 5312 non
1123 5260 1225 5327 soletis,
1241 5262 1328 5320 licite.
1341 5265 1448 5323 Crescat
1460 5276 1629 5352 nnmequsbt

955 5349 1069 5403 carutium
1086 5368 1092 5404 :
1108 5354 1232 5421 qtrouiam
1243 5359 1340 5413 crescit
1350 5368 1377 5415 et
1390 5359 1507 5418 bdelium
1522 5382 1629 5429 nummu

955 5479 1126 5592 ³¹55!ng
1143 5485 1290 5546 parentatu
1301 5488 1334 5540 od
1350 5490 1452 5555 aarum
1470 5502 1629 5563 rcqargnanu
