3728 6276
708 198 978 295 sennocc'oxav.
1579 222 1649 290 433,

140 375 234 432 ,tritae
255 378 361 428 retentae
381 359 558 437 percipiendae
572 370 668 420 eausa,
684 351 731 408 sed
746 357 806 404 tan·
860 359 936 415 spem
945 345 1029 416 regni,
1041 358 1094 400 non
1106 343 1226 401 riderent
1238 358 1299 401 esse
1310 352 1515 417 oonseqnentem
1529 346 1581 403 nisi
1593 362 1650 419 poe·

140 482 156 524 o
177 465 251 536 regni
274 461 402 518 eoeiorum
422 467 449 511 et
470 451 543 523 regni
559 448 621 513 [tei;
637 440 809 515 baptizandos
861 448 923 492 nam
936 435 1005 508 ignis
1017 437 1120 493 eterni.
1136 455 1146 491 ι
1167 437 1270 504 Nolite,
1291 457 1300 490 ι
1318 438 1421 507 inanit,
1441 453 1580 495 terrare:
1601 455 1650 494 ne.

139 557 265 622 fatentur,
280 551 327 608 sed
340 564 392 604 noo
403 555 510 618 propter
519 544 600 597 vitam
613 529 809 597 aeternumsed
862 542 915 598 que
941 527 1133 591 fornicatores,
1156 542 1242 597 neonae
1267 527 1344 582 idolis
1370 527 1534 596 servientes,
1565 543 1653 600 neque

143 662 253 721 regnam
271 645 410 703 solorum.
424 637 493 708 Quid
506 634 541 691 de
554 632 608 687 rita
619 626 737 686 aetorm?
756 623 809 678 iit-
863 617 997 682 adulteri,
1020 632 1106 687 neque
1120 618 1232 681 molles,
1248 633 1335 689 neque
1356 619 1534 676 maseniorom
1553 634 1652 677 eonon·

145 739 277 812 inquiunt.
291 735 379 804 Quare
392 726 541 786 nabebuntt
553 723 618 794 Quia
631 720 731 777 nantium
744 729 808 788 pee-
864 707 976 774 bitures,
997 723 1084 779 neque
1096 708 1187 776 tores,
1208 723 1296 781 nequo
1318 710 1408 778 arari,
1430 726 1517 783 neque
1535 712 1652 785 oprimi,

141 818 232 899 sinent,
246 838 275 886 et
286 827 320 884 sd
331 822 530 882 damnationem
541 815 674 890 pertinere
686 825 739 867 non
751 823 813 880 pos·
865 815 952 872 neone
964 801 1085 858 maledici
1097 843 1105 866 ,
1121 817 1207 873 neque
1221 817 1329 873 nm.
1348 817 1461 873 ,egnum
1476 803 1523 860 Μ
1534 803 1654 874 pompe,

141 939 182 997 ,ιο
195 931 237 980 est
248 921 303 976 rita
312 929 416 984 ,aeterna
430 923 505 971 extra
518 923 628 980 regnum
641 899 787 962 retomnt
865 892 941 948 bant.
953 911 964 945 r
974 893 1033 950 Non
1045 893 1122 960 dixit,
1134 894 1173 949 itii
1185 902 1213 950 et
1224 894 1279 962 itti,
1291 895 1357 951 tates
1368 903 1395 951 et
1408 895 1474 951 tales
1488 896 1541 967 igni
1555 903 1656 953 artemo

140 1016 175 1076 JT
189 1013 232 1072 ttt.
247 1043 284 1056 -
303 1012 331 1067 5.
356 1007 440 1064 Vitam
460 1012 580 1060 emnam
595 1014 647 1053 non
657 1011 711 1050 erse
724 1001 815 1065 preter
866 984 1075 1055 torquendorum
1086 984 1149 1051 sed,
1162 983 1324 1057 rependat
1336 1001 1387 1041 non
1399 985 1568 1057 possim.
1588 985 1657 1042 snb.

141 1106 268 1162 roetortm.
281 1101 353 1156 inter
365 1099 480 1152 datram
493 1092 527 1147 od
545 1103 652 1162 veprem
669 1083 717 1139 oet
736 1081 815 1154 perti·
867 1084 950 1133 traetx
963 1075 1071 1144 dextra,
1087 1092 1140 1133 noo
1153 1076 1282 1133 remansit
1306 1077 1358 1132 nisi
1381 1077 1499 1133 sinistra.
1520 1076 1598 1135 Unde
1609 1092 1658 1134 ῃ..

173 1206 197 1251 et
210 1196 338 1251 sinistrant
359 1191 536 1245 damnatorem
551 1181 638 1236 nativas
656 1175 755 1231 modias
776 1171 816 1226 ta-
868 1177 922 1224 tem
934 1168 1050 1224 evadunt
1065 1166 1366 1241 abipnesempiternoi
1378 1168 1436 1224 Non
1450 1170 1486 1226 oi)
1498 1169 1590 1234 atiud,
1605 1168 1658 1224 nisi

142 1239 202 1344 mos
214 1287 257 1341 hio
270 1297 347 1340 error
359 1275 521 1334 aversandus
537 1272 571 1327 ab
582 1267 704 1333 auribus,
720 1262 817 1320 exstir·
867 1263 930 1333 qnia
950 1269 1031 1336 erunt
1050 1261 1077 1316 in
1100 1275 1192 1331 regno
1214 1261 1361 1334 Sequitort
1386 1279 1397 1316 ι
1417 1261 1452 1317 Ει
1472 1261 1530 1318 haee
1548 1261 1658 1334 quidem

144 1393 161 1432 s
176 1375 321 1434 mentibus.
344 1371 401 1427 iioe
421 1379 519 1423 novom
537 1364 565 1418 in
587 1359 721 1423 Ecclesia,
743 1353 818 1425 prins
869 1353 966 1410 inistis.
984 1373 993 1406 r
1011 1353 1045 1409 Et
1063 1353 1132 1408 nodo
1150 1354 1204 1421 ianr
1217 1368 1270 1408 non
1283 1352 1364 1408 sonti
1381 1371 1392 1405 r
1407 1352 1461 1409 Sed
1474 1352 1557 1408 abieti
1575 1352 1659 1421 estis,

141 1485 176 1525 ιιιι
188 1477 248 1534 est,
270 1478 330 1521 esse
351 1464 432 1517 vitam
454 1465 581 1512 {eternam
596 1459 694 1521 preter
707 1458 818 1516 regnem
870 1446 917 1500 sed
932 1443 1087 1500 sanetideati
1101 1445 1184 1508 estis,
1199 1444 1248 1500 sed
1267 1442 1402 1514 jostideati
1421 1444 1486 1501 estis
1506 1444 1532 1499 Ιιι
1552 1444 1660 1501 nomino

141 1577 175 1627 n,
189 1573 249 1615 esse
263 1557 374 1612 salntem
385 1560 511 1607 aeternam
526 1552 623 1616 preter
635 1554 745 1611 regnum
759 1535 817 1591 Dei.
872 1535 976 1590 ltomint
991 1535 1074 1590 nostri
1096 1534 1159 1590 iesu
1178 1533 1292 1601 Christi,
1307 1544 1335 1591 et
1347 1534 1373 1589 in
1387 1534 1487 1604 Spiritu
1502 1535 1548 1590 nei
1563 1534 1658 1591 nosset,

141 1651 205 1718 ride,
214 1648 306 1714 irater,
321 1659 355 1702 ne
369 1643 437 1698 torte
452 1641 513 1695 trine
524 1635 674 1693 consentire
685 1629 761 1686 nobis
773 1627 820 1683 de-
872 1627 1020 1684 innomine
1037 1627 1140 1682 Domini
1151 1626 1234 1682 nostri
1248 1625 1313 1683 testa
1322 1625 1419 1681 Christi
1437 1644 1446 1678 r
1462 1624 1483 1698 (i
1495 1625 1554 1680 Gor.
1569 1640 1615 1693 rr,
1629 1623 1661 1681 o.

141 1742 246 1812 disquis
257 1738 290 1793 ad
301 1749 412 1804 regnum
428 1733 475 1788 Dei
488 1744 541 1785 non
561 1726 692 1798 pertinet,
706 1737 767 1777 eom
786 1718 820 1773 ad
873 1721 931 1791 tt).
950 1741 959 1773 ι
976 1720 1034 1775 Non
1048 1722 1118 1775 enim
1132 1729 1174 1774 est
1186 1718 1257 1775 atiud
1279 1733 1376 1775 nomen
1397 1717 1448 1773 sub
1470 1717 1540 1774 ooeio
1560 1718 1587 1772 in
1608 1732 1661 1787 quo
1684 1758 1688 1766 ,

141 1834 229 1889 ionem
242 1831 301 1885 sine
320 1825 400 1882 dubio
420 1823 562 1894 pertinere.
579 1818 710 1872 Venturos
733 1809 822 1865 Domi·
872 1819 976 1882 oportet
988 1812 1076 1866 miros
1088 1810 1143 1865 deri
1166 1825 1215 1867 nos
1231 1828 1240 1861 ι
1258 1809 1327 1881 (Art.
1342 1825 1379 1865 ιι.
1398 1807 1459 1880 12),
1474 1824 1525 1865 nos
1546 1824 1660 1878 omnes,

141 1922 318 1995 ,judicatores
329 1918 363 1974 de
376 1917 442 1971 vivis
462 1923 489 1969 et
501 1910 627 1974 mortuis,
647 1907 715 1961 sicut
736 1903 822 1957 Evan-
873 1905 984 1975 positios
1004 1919 1065 1959 eum
1087 1903 1199 1973 magnis.
1222 1902 1249 1959 Si
1271 1912 1360 1958 autem
1383 1903 1471 1959 salvos
1486 1902 1543 1958 deri
1558 1912 1662 1973 oporter

150 2015 276 2086 loquitor,
300 2013 367 2066 duas
385 2017 472 2080 partes
487 2005 603 2061 iactorns
621 2011 682 2064 est,
701 1998 822 2055 dextram
874 2011 924 2052 nos
936 1998 962 2051 in
976 1995 1027 2051 iroe
1047 1996 1171 2061 nomine,
1196 1995 1254 2049 sine
1276 1994 1326 2049 hoe
1347 1994 1454 2050 nomine
1479 1994 1569 2064 proeut
1583 1993 1663 2049 dubio

141 2115 220 2160 tram.
234 2102 356 2159 sinistris
369 2100 496 2158 dicturus,
512 2094 586 2149 itein
599 2094 680 2163 ipnern
690 2099 821 2152 menam,
875 2102 924 2141 nee
935 2087 1007 2141 satus
1019 2086 1082 2151 erit,
1098 2100 1158 2156 qnae
1171 2086 1229 2140 sine
1240 2081 1346 2140 Christo
1358 2084 1521 2156 promittitur
1535 2085 1662 2154 parvolis.

141 2205 203 2250 etan
223 2202 261 2248 ert
274 2192 374 2247 maiolo
388 2199 412 2244 et
425 2187 521 2260 onqetir
535 2187 590 2256 ejas
604 2199 613 2238 .·
626 2182 727 2239 dextris
738 2179 825 2234 dietu—
876 2177 944 2231 Pace
965 2189 1056 2231 eorum
1079 2175 1180 2241 dioam,
1200 2176 1247 2246 qui
1265 2175 1387 2245 cuiquam
1409 2175 1521 2231 salntem
1534 2176 1665 2246 promixtis

141 2289 221 2356 'snite
244 2286 365 2342 denedicti
388 2281 474 2336 Petris
486 2282 552 2346 orei,
577 2278 697 2348 percipite
720 2288 825 2344 repnron
875 2268 935 2323 sine
948 2266 1064 2332 Christo,
1082 2266 1174 2321 nescio
1187 2275 1275 2322 utrum
1290 2265 1347 2336 ipse
1362 2265 1473 2322 salutem
1489 2265 1587 2322 trahere
1600 2279 1665 2338 pos·

142 2382 179 2437 atr
193 2388 311 2450 paratam
324 2384 359 2432 ert
370 2374 401 2429 od
420 2374 517 2445 oripine
534 2371 630 2427 mandi.
649 2369 702 2423 ttae
714 2381 825 2437 regnum
876 2362 907 2415 sit
921 2360 948 2413 in
961 2357 1077 2414 Christo.

142 2479 163 2536 t,
178 2472 229 2523 trae
242 2483 301 2523 enm
315 2466 421 2522 diaboio
434 2462 641 2519 damnationem.
656 2458 749 2512 Notius
763 2456 825 2510 reii-
912 2452 1024 2509 catut
1039 2451 1071 2506 v.
1086 2452 1158 2508 -5,
1174 2449 1314 2521 Pelopiam
1322 2451 1380 2505 oitoe
1392 2459 1525 2506 oternoeet
1538 2451 1609 2521 repsi
1617 2447 1666 2504 diei

142 2559 263 2616 tmedius
277 2558 366 2618 iocos,
385 2556 429 2610 obi
442 2567 542 2625 ponere
554 2565 636 2622 queas
650 2548 772 2604 infantes.
789 2545 826 2601 tie
877 2545 1003 2600 distinctio
1016 2543 1093 2615 piene
1112 2543 1253 2597 arbitrario.
1277 2541 1376 2598 Deinde
1398 2542 1542 2612 qtvaerimox
1557 2541 1591 2594 ab
1602 2542 1642 2595 eis
1657 2560 1665 2594 =

151 2649 262 2705 mortuis
272 2644 433 2717 judicabitur
457 2663 464 2697 ι
484 2642 528 2695 aiii
546 2638 668 2696 eruntad
688 2637 825 2701 dextram,
877 2636 963 2703 Quid,
985 2635 1008 2690 si
1029 2636 1124 2704 aliquis
1143 2635 1229 2698 dieat,
1246 2635 1370 2704 parvulos
1393 2635 1488 2689 merito
1509 2634 1667 2689 innooendae

143 2741 278 2795 sinistram
293 2756 300 2791 ι
314 2752 367 2792 non
392 2735 454 2790 novi
475 2733 555 2789 aliod.
578 2730 628 2798 Qui
647 2728 751 2784 inducis
771 2741 827 2782 me·
879 2742 949 2792 sarae,
972 2727 1040 2780 sieut
1060 2725 1165 2790 dicitis,
1180 2733 1260 2794 atone
1274 2724 1449 2779 immunitatis
1468 2723 1502 2779 ab
1514 2724 1586 2779 omni
1599 2723 1667 2779 deii-

142 2829 237 2887 reeede
249 2827 283 2884 de
296 2827 403 2881 medio:
418 2839 470 2879 non
483 2831 510 2878 te
522 2820 638 2876 otiendat
649 2819 694 2888 qni
707 2818 826 2872 dextram
879 2829 939 2884 cto,
954 2833 1006 2873 non
1019 2818 1104 2872 sotem
1117 2816 1253 2873 habituros
1267 2817 1379 2872 sadotem
1393 2826 1420 2872 et
1428 2817 1508 2872 vitam
1523 2827 1667 2886 aeternam,

158 2921 192 2977 Et
204 2930 229 2975 te
242 2920 328 2989 ipsum
339 2916 469 2971 admoneo
483 2931 490 2968 :
505 2912 600 2969 recede
612 2912 645 2966 de
659 2910 765 2974 medio,
781 2907 829 2964 sed
880 2911 925 2966 sed
940 2921 967 2965 et
980 2926 1089 2982 regnum
1104 2910 1170 2966 Dei?
1183 2909 1253 2966 unde
1266 2910 1335 2981 apnd
1346 2909 1539 2966 vosdeiinitnm
1553 2918 1670 2967 eertum-

142 3033 144 3064 ι
164 3011 310 3065 sinistram.
326 3008 354 3063 Si
367 3021 431 3076 ergo
445 3005 536 3059 dextra
552 3003 603 3057 erit
615 3010 642 3055 et
655 3000 780 3061 sinistra,
801 3007 830 3052 et
880 3019 933 3074 qne
949 3011 1005 3068 est,
1028 3003 1086 3057 sine
1109 3003 1244 3072 Baptismo
1263 3017 1373 3073 regnum
1398 3002 1443 3058 nei
1458 3018 1512 3058 no„
1534 3002 1670 3058 pappum

155 3100 272 3155 medinm
286 3086 373 3154 iocum
388 3099 413 3151 in
436 3095 580 3165 Evangelio
595 3093 716 3147 novimus
738 3107 745 3144 ι
768 3104 830 3145 eeee
883 3093 1020 3163 parvulos,
1037 3103 1066 3147 ut
1078 3092 1234 3149 divideretis
1252 3093 1292 3148 eis
1306 3107 1354 3162 pro
1370 3092 1481 3148 arbitrio
1495 3101 1600 3160 vestro,
1616 3109 1669 3148 non

144 3207 173 3247 tt
188 3205 298 3262 regnum
311 3189 439 3245 emiorum
452 3195 509 3251 tsi.
524 3184 664 3254 metd'iss,
680 3182 780 3253 inquit,
794 3198 831 3235 tt*
882 3195 1017 3264 adjutores
1031 3194 1220 3264 parvolorum,
1242 3192 1288 3249 sed
1308 3206 1479 3263 oppressores
1493 3192 1670 3257 miserorum,

142 3283 188 3351 0¹¹5
202 3283 238 3338 ibi
252 3296 304 3336 ⁰⁰¹¹
317 3287 377 3346 ⁰⁸¹.
394 3276 681 3346 5⁰⁸5¹¹¹⁵1i³⁰⁵²·0¹¹ffl
695 3276 746 3331 erit
759 3276 785 3328 ⁵¹¹
796 3273 833 3327 θὶ-
884 3294 913 3339 ιιι
926 3283 1072 3340 divideritis
1091 3284 1132 3338 eis
1147 3299 1194 3353 pro
1206 3282 1315 3337 arbitrio
1335 3291 1441 3348 vestro,
1466 3292 1493 3338 et
1513 3281 1612 3337 daretis
1633 3282 1673 3336 eis

154 3374 194 3430 te
206 3376 233 3429 ia
251 3375 334 3446 ionem
353 3383 482 3427 sternam·
499 3372 526 3426 ln
546 3370 641 3425 dextra
654 3370 687 3423 td
700 3383 830 3438 regumn·
884 3376 995 3429 satutem
1010 3381 1038 3430 et
1051 3376 1130 3429 sitam
1144 3384 1270 3428 aeternam
1286 3385 1383 3442 praeter
1396 3388 1506 3443 regnum
1525 3373 1673 3429 emiorum?

144 3475 291 3529 aeletnutiti
308 3465 336 3518 5¹¹
349 3464 456 3517 sinistra
477 3462 503 3515 5¹¹
519 3463 605 3530 ignem
628 3467 767 3514 “wimm-
782 3457 833 3526 Qui
884 3465 958 3519 ttius
970 3466 1172 3520 benevoieotior
1186 3465 1261 3520 rolris
1271 3475 1299 3520 et
1312 3465 1518 3531 misericordior,
1535 3475 1563 3520 et
1580 3473 1609 3519 ιιι
1623 3482 1673 3536 po·

147 3557 255 3618 dextra,
271 3554 362 3625 procui
376 3553 456 3607 dnbio
469 3553 496 3606 in
509 3552 615 3605 sinistra
630 3569 636 3604 :
652 3565 715 3620 ergo
727 3550 771 3616 ιμιί
781 3564 832 3603 ιιοιι
886 3558 946 3609 tntis
957 3556 1062 3626 justior,
1080 3562 1169 3610 totnnr'
1178 3557 1217 3610 eis
1234 3554 1325 3618 dabit,
1347 3565 1373 3610 et
1396 3557 1476 3609 vitam
1498 3564 1625 3611 aeternam
1647 3564 1676 3610 et

142 3663 189 3709 no,
206 3647 295 3716 procui
310 3645 391 3699 dubio
405 3645 431 3698 in
446 3645 504 3713 igne
518 3652 629 3695 aeterno.
644 3638 721 3695 Certe
736 3639 834 3694 habete
884 3664 994 3716 regnum
1009 3649 1149 3703 caetorum.
1163 3645 1244 3701 istum
1266 3645 1400 3716 qnornedo
1413 3646 1591 3716 superabitis?
1603 3645 1676 3713 Quo-

143 3740 152 3771 ¹
168 3738 247 3792 vitam
259 3748 404 3803 aeternam,
419 3736 463 3806 qni
477 3749 529 3789 non
542 3732 706 3803 baptizatori
715 3732 772 3787 Non
783 3732 836 3786 erit
886 3739 956 3791 niam
969 3752 1017 3792 vos
1030 3736 1171 3806 aliquando
1183 3745 1275 3790 eontra
1291 3736 1516 3791 evidentissimam
1530 3735 1676 3790 auetorita-

142 3838 189 3893 ιη,
204 3829 301 3894 idest,
318 3842 370 3882 non
385 3827 437 3882 erit
449 3827 475 3880 in
490 3840 581 3894 regno.
597 3825 681 3879 Vitam
706 3833 835 3878 aeternam
887 3838 939 3884 tem
962 3829 1129 3884 ratiocinatio
1150 3828 1264 3884 humana
1286 3829 1401 3884 deiectat
1416 3834 1441 3894 ¹,
1456 3827 1574 3898 proferte
1591 3830 1676 3898 ipsam

143 3930 182 3974 tas
196 3920 282 3991 ignem
297 3916 505 3988 sempiternum?
515 3915 550 3970 Et
560 3915 594 3970 de
607 3914 663 3984 insa
674 3914 726 3968 viia
736 3923 835 3968 aeterttt
887 3922 1005 3991 reguiam
1018 3921 1129 3976 rationis
1141 3932 1254 3986 vestrm,
1268 3931 1295 3977 et
1309 3921 1436 3987 asserite,
1459 3921 1564 3992 quantis
1577 3922 1677 3978 viribus

142 4013 286 4084 xpressius,
302 4013 362 4082 qnia
377 4010 444 4065 nihii
466 4009 538 4064 aliod
558 4018 600 4064 est
625 4023 735 4079 xegnnm
756 4022 835 4078 param
887 4013 1037 4078 valueritis,
1057 4013 1127 4068 unde
1141 4016 1261 4069 vincatnr
1276 4013 1344 4079 iste,
1368 4013 1412 4084 qui
1434 4013 1551 4084 parvulis
1570 4022 1678 4084 propter

143 4112 224 4159 terna.
248 4103 327 4158 Prius
341 4118 451 4172 regnum
473 4100 633 4164 nominavit,
656 4100 703 4154 sed
725 4100 751 4154 in
772 4099 836 4153 dex·
888 4107 981 4161 merita
1007 4107 1182 4171 innocentiae,
1206 4117 1314 4175 propter
1340 4107 1456 4174 nuttam,
1483 4106 1551 4161 sieut
1575 4106 1678 4172 dicitis,

143 4212 210 4264 ‚diem
226 4206 355 4250 aeiernttm
369 4196 394 4248 in
408 4193 532 4247 sittisiris.
546 4194 668 4246 Extrema
683 4201 771 4246 autern
780 4205 837 4245 sen·
888 4196 1011 4266 culpam,
1026 4197 1078 4253 hoc
1090 4207 1146 4261 est,
1160 4197 1291 4267 originale
1308 4205 1462 4266 peccantur,
1482 4195 1547 4250 dare
1566 4196 1681 4252 voluerit

143 4335 144 4348 ,
160 4300 190 4345 ιιι
209 4289 318 4344 doceret
338 4286 401 4357 qnid
414 4289 448 4340 sit
461 4302 588 4357 regnum,
605 4294 632 4340 et
647 4283 709 4354 quid
722 4284 757 4339 sit
770 4282 838 4353 ignis
889 4290 968 4344 etiam
983 4306 1036 4344 non
1050 4290 1204 4359 baptizatis,
1220 4304 1272 4343 non
1286 4290 1371 4344 sotum
1383 4289 1463 4343 vitam
1478 4298 1620 4354 teterttam,
1634 4303 1681 4345 ve·

142 4399 178 4450 vs,
196 4381 276 4448 Tunc,
299 4382 402 4450 intonit,
423 4381 525 4434 adibant
548 4380 636 4433 istiin
656 4377 838 4433 ambustionem
889 4396 947 4435 rom
963 4381 1042 4436 etiam
1056 4396 1165 4450 regnum
1179 4380 1308 4436 coeiornm
1323 4398 1329 4434 :
1344 4381 1423 4435 istum
1436 4379 1543 4434 vincite.
1556 4379 1611 4450 Ego
1622 4380 1682 4436 sine

142 4488 186 4537 ms·
199 4473 265 4543 jttw'
276 4482 361 4526 antem
372 4472 399 4524 in
420 4471 497 4524 vitam
513 4481 632 4524 windam
652 4468 757 4540 (Mattio
774 4483 836 4534 xxv,
891 4474 1043 4543 prejudicio
1052 4482 1141 4544 partes
1156 4471 1234 4541 navins
1247 4488 1389 4544 parumper
1401 4472 1532 4542 suscipio,
1547 4479 1575 4526 et
1594 4471 1681 4528 dicam

150 4606 158 4627 ,
172 4566 203 4619 tt
216 4605 223 4627 ,
239 4562 295 4634 td).
890 4564 961 4635 qnod
974 4566 1030 4635 ipse
1043 4579 1094 4618 non
1108 4565 1194 4618 sentin
1209 4563 1274 4619 :sed
1287 4563 1418 4618 admoneo
1431 4578 1494 4627 vos,
1509 4571 1538 4617 ιιι
1550 4562 1682 4617 aeriorem

143 4656 197 4712 ‘Ui'
210 4654 255 4709 tv.
268 4684 305 4695 -
318 4654 387 4709 Eece
399 4653 522 4723 exposuit
537 4652 582 4707 tibi
593 4650 657 4722 qnid
671 4652 706 4705 sit
715 4666 837 4721 regnam,
890 4655 1070 4710 adversarium
1086 4655 1205 4710 videatis.
1221 4710 1228 4719 ,

143 4745 200 4801 isit
211 4745 279 4816 ignis
291 4755 424 4807 aeternos;
440 4751 468 4796 nt
480 4741 586 4812 parando
597 4741 733 4796 confiteris
745 4756 841 4811 parvtt·
880 4756 885 4766 ·
927 4747 953 4801 tt.
970 4745 1069 4817 Nepote
1082 4747 1158 4801 semei
1176 4745 1295 4815 oripinaii
1315 4753 1433 4814 peccato,
1458 4742 1613 4815 Pelopidam
1633 4761 1684 4799 non

143 4851 169 4892 to
184 4836 299 4891 intorem
314 4836 340 4889 in
359 4849 459 4904 regno,
472 4833 577 4887 fatearis
592 4832 709 4887 totamm
734 4832 761 4886 in
780 4833 840 4901 igne
893 4853 965 4906 posse
978 4853 1033 4889 earn
1052 4838 1163 4902 sincere,
1185 4836 1229 4905 ovi
1250 4833 1312 4889 notit
1332 4833 1450 4905 panaretos
1463 4833 1563 4889 esciadi
1576 4850 1684 4915 osepnv

143 4943 161 4985 ι.
176 4928 296 5000 Regnum
307 4928 378 4984 enim
392 4927 520 4982 ooeiormn
533 4935 574 4980 est
586 4925 639 4979 vita
651 4934 761 4980 aeterna.
893 4927 951 4981 Dei.
969 4928 1037 4982 Eece
1048 4927 1139 4983 existit
1155 4925 1334 4997 nescioquis,
1349 4935 1376 4981 et
1388 4925 1472 4980 dicit:
1489 4925 1619 4980 Parvoivxs
1631 4941 1684 4979 non

143 5018 277 5073 satoriam·
287 5034 304 5071 a
315 5033 393 5089 repno
415 5015 479 5083 Dei,
500 5017 725 5087 conjuncionem
742 5031 841 5086 ponam
893 5019 996 5073 habens
1010 5019 1091 5073 ulium
1106 5019 1215 5073 omnino
1227 5028 1381 5088 peecatum,
1406 5031 1456 5072 nee
1476 5016 1547 5087 qood
1564 5031 1611 5072 sua
1632 5017 1686 5070 vita

143 5110 229 5164 noni.
241 5109 377 5164 Neeaiind
396 5109 476 5162 etiarn
497 5108 633 5179 apostotus
652 5107 766 5174 Paulus,
780 5122 840 5163 eom
894 5111 1042 5178 contraxit,
1056 5125 1104 5165 nee
1114 5108 1185 5181 qood
1199 5108 1233 5165 de
1245 5110 1297 5163 vita
1309 5108 1387 5178 primi
1403 5109 1520 5178 parentis
1530 5108 1621 5176 traxit,
1637 5108 1686 5163 ira·

143 5207 169 5256 ti
178 5198 315 5264 hominm.
329 5215 381 5256 ¹10⁰
396 5200 530 5270 diarium,
546 5214 600 5254 ¹¹0¹!
613 5199 778 5269 baptizatos,
794 5200 841 5255 ted
894 5205 967 5261 bebit
980 5212 1009 5258 et
1022 5203 1102 5257 vitam
1116 5208 1243 5256 aeternam
1258 5207 1285 5255 et
1298 5214 1407 5269 regnum
1420 5198 1560 5254 ooetomrn.

143 5298 199 5353 tos,
216 5288 401 5355 tadnorosos,
415 5289 624 5351 contaminatos,
640 5289 773 5359 perditos,
789 5304 842 5344 non
931 5292 1043 5350 enada
1063 5291 1106 5346 tt.
1123 5321 1160 5332 -
1183 5290 1370 5361 Respondete,
1385 5290 1482 5346 vincite
1495 5288 1630 5345 hominem
1645 5304 1688 5345 re-

143 5381 210 5435 rrnit
230 5379 300 5451 quod
312 5390 391 5437 ermrt
411 5381 438 5436 in
458 5380 517 5449 igne
529 5381 708 5449 sempiterno,
720 5397 773 5452 quo
785 5381 843 5436 sine
897 5390 1037 5440 sistentem
1050 5382 1143 5450 vobis,
1161 5381 1206 5452 qni
1224 5379 1301 5437 aiiter
1316 5378 1441 5435 diriditis.
1458 5379 1511 5436 Vos
1529 5380 1600 5436 enim
1619 5378 1688 5435 diei·

144 5470 237 5536 ibunt,
247 5470 270 5526 si
284 5487 337 5527 non
349 5473 537 5544 corrigantur:
558 5472 605 5527 sed
619 5480 718 5528 tantum
730 5474 841 5541 terruit,
898 5473 1151 5546 tis:Vitamquidem
1162 5472 1686 5544 trabebitistenonbaptizatnsaeternam,

144 5576 255 5634 nrqno
269 5579 322 5619 non
336 5573 432 5632 erunt,
448 5573 478 5620 ot
488 5578 549 5619 eom
563 5565 677 5622 viderint
689 5581 719 5622 se
734 5566 844 5636 perdere
930 5613 1073 5663 monos
1088 5615 1125 5658 H·
1137 5607 1210 5670 engo.
1225 5613 1250 5657 et
1262 5615 1320 5658 ven·
1337 5608 1437 5666 ww,
1451 5607 1514 5661 mm
1529 5607 1633 5661 'mm
1643 5610 1688 5661 a.

144 5678 321 5742 tiatorem.
334 5677 417 5738 abest
432 5680 580 5738 notamus.
899 5680 977 5729 iectnt.
1009 5680 1038 5723 tt.
