3750 6270
703 260 818 317 stillio
835 260 878 317 Ll.
1541 267 1595 324 350

102 381 242 439 munior
256 381 310 443 lltl,
323 379 368 451 qui
382 379 473 434 dicunt
490 377 556 432 alins
568 386 754 445 generationes
812 374 880 429 misit
892 373 961 431 deut
974 373 1071 430 Filium
1081 393 1154 432 mum
1164 382 1258 451 [mlum
1273 397 1304 434 ea
1316 382 1435 448 sattim,
1446 381 1540 450 [αιιιιιιι
1549 383 1595 437 rud

102 488 166 531 usse
177 473 340 538 mulum,
355 471 420 526 allas
432 470 548 524 urinum?
562 468 595 522 Et
608 481 701 522 resera
717 466 756 520 in·
809 464 876 537 depe
885 475 933 532 :ot
944 483 987 523 ees
995 469 1040 538 gni
1046 470 1154 541 melego
1164 481 1234 526 munt
1242 474 1389 538 redimeret,
1400 484 1428 529 ut
1436 473 1595 544 adeptionem

102 563 197 637 ,quod
209 563 275 618 alias
291 570 398 618 secutm
411 569 452 615 est
463 560 525 623 ille,
544 559 610 614 alins
622 557 677 612 ille.
689 555 755 611 Nam
809 556 920 626 filiorum
937 558 1102 628 ueipmmnus
1121 559 1218 631 (Galat.
1233 578 1270 633 ιι,
1284 565 1378 637 teti).
1393 565 1427 621 Et
1447 565 1594 621 aliolooo:

102 652 204 711 lincoln
221 662 323 724 patrem
341 651 408 706 dixit
426 649 525 719 Josepln
541 668 548 702 ·.
564 649 649 703 Lucas
668 656 756 702 autern
809 644 844 700 ln
865 646 1065 718 ιιιιὶιιιιιιίριίι,
1087 649 1189 719 inquit,
1210 652 1415 723 inpensissime,
1436 654 1595 724 adoptem

102 742 302 814 mquidem
317 741 402 797 rideri
415 755 482 796 unus
494 740 584 807 homo,
597 738 672 808 errius
688 737 757 793 ullos
810 745 996 805 nummulos,
1009 737 1204 808 redemptionum
1215 744 1327 811 eorporis
1339 745 1418 799 nerui
1431 742 1517 816 (mn.
1528 759 1594 812 ιιιι,

102 834 157 909 plu,
171 833 295 889 misae
308 832 361 887 duo
375 831 491 886 nomina.
505 829 558 884 Sed
572 827 643 898 quod
654 841 719 882 auos
730 835 758 883 et
809 823 866 896 25).
881 825 986 881 Rursus
995 835 1023 882 et
1035 827 1071 883 de
1087 827 1186 886 ludmls
1196 845 1257 886 cum
1276 832 1397 889 diceret:
1413 833 1537 905 optutum
1548 851 1594 906 ego

102 924 332 995 tdiossoperius
339 933 554 993 progeneratores
566 919 684 974 diversos
693 933 759 974 enu·
809 916 864 986 ipae
874 919 1008 972 nocturne
1021 936 1074 974 erre
1085 937 1102 975 e
1113 919 1213 978 curun
1225 939 1271 997 pro
1282 923 1401 994 {mulus
1419 927 1490 990 meis,
1503 943 1596 997 cogne-

104 1016 191 1088 bque
204 1016 262 1087 ipso
273 1027 384 1070 numero
401 1013 491 1083 plures
507 1011 593 1077 alius,
612 1009 679 1064 alius
693 1023 759 1079 pau·
810 1008 1117 1080 tirumndumeurnem,
1131 1013 1176 1084 pai
1191 1024 1251 1068 rant
1262 1013 1407 1071 inretire:
1419 1033 1527 1090 meniu
1540 1026 1596 1082 est,
1682 1038 1687 1044 ·

102 1104 227 1165 nunu
237 1104 385 1161 ostenditur
396 1102 519 1159 nandans
531 1101 598 1158 duos
612 1110 699 1170 patres
711 1099 758 1155 lo·
809 1096 911 1168 lnquit,
927 1099 1045 1169 οιοριιο,
1066 1110 1090 1155 ιι
1109 1101 1209 1172 purte,
1222 1111 1246 1158 rt
1258 1101 1464 1172 Testamentum,
1486 1116 1509 1162 e
1522 1105 1598 1179 tegis

102 1205 227 1254 umus
237 1193 536 1267 guadoniswumnia,
545 1191 606 1262 qula
614 1190 671 1245 tlerl
681 1202 759 1259 posse
810 1189 1085 1260 remaledicerem
1097 1199 1190 1262 petru,
1204 1201 1228 1246 et
1239 1209 1272 1247 ea
1282 1195 1372 1264 cuitus
1382 1194 1496 1251 Christus
1506 1213 1595 1251 reram

102 1304 110 1345 ι
123 1288 194 1345 ratio
205 1285 412 1352 dernmulrurlt,
426 1283 507 1338 ulium
527 1291 629 1352 patrem
641 1295 701 1336 esse
713 1280 759 1350 qui
812 1278 872 1332 dum
883 1295 994 1346 mrum,
1004 1282 1091 1352 quiem
1103 1285 1274 1352 superomnia
1285 1283 1503 1340 Druslmedictar
1513 1287 1539 1340 ln
1549 1302 1598 1341 ate-

102 1377 232 1450 diamqui
248 1376 400 1448 adoptarit:
416 1374 520 1432 duobus
530 1373 648 1444 patribus
658 1373 759 1429 consti·
811 1367 870 1423 tuto
887 1368 944 1439 (lt.
962 1385 1007 1436 nx,
1028 1370 1097 1441 ei).
1112 1371 1163 1428 llnl
1182 1373 1298 1429 ostendit
1311 1383 1443 1430 retnstum
1464 1375 1533 1445 apud
1552 1375 1599 1430 tu·

102 1479 162 1528 rest
170 1471 267 1526 mirum
279 1470 302 1524 si
314 1469 356 1524 aui
364 1478 392 1524 et
402 1465 527 1537 prouuiet
537 1465 625 1520 caeteri
638 1472 760 1534 parentes
810 1458 884 1515 deos
894 1459 975 1516 luisse
982 1461 1023 1516 rel
1033 1475 1130 1518 nomeu
1138 1462 1297 1533 adoptionis,
1304 1465 1347 1520 rel
1360 1465 1443 1535 ipsam
1454 1480 1521 1530 rem;
1529 1467 1599 1521 sicut

102 1576 213 1618 tususa
226 1555 758 1629 dirersispatrilrusdlversinumerentur.
812 1548 1009 1608 Testamentum
1031 1561 1059 1609 et
1072 1551 1149 1625 Legis
1161 1556 1330 1626 constitutio,
1344 1571 1403 1626 quar
1424 1556 1502 1612 simul
1522 1572 1598 1612 eom·

102 1650 125 1709 l'
143 1649 238 1707 xillt.
251 1677 288 1691 ·-
302 1647 348 1705 28.
370 1643 478 1718 Adoptio
497 1646 524 1700 in
548 1645 626 1700 amrin
649 1644 758 1698 Litteris.
812 1652 950 1699 ιιιιιιιιοιιι.

102 1739 319 1797 ιιοιιιιιιιιιϋίι
332 1737 477 1793 coemitur
487 1735 611 1808 quomedo
620 1734 761 1789 meudul-
848 1732 961 1792 CAPUT
981 1734 1054 1791 xlx.
1076 1765 1113 1779 -
1126 1736 1172 1792 ιθ.
1189 1736 1253 1792 Fills'
1272 1741 1376 1809 proprie
1396 1740 1505 1812 prodeant
1525 1743 1600 1796 moue

102 1846 126 1890 rs
144 1831 222 1887 voltis
242 1830 364 1886 uidentur
387 1829 431 1899 lus
444 1826 622 1898 adoptionisa
641 1824 759 1897 Scriptu·
811 1822 883 1894 epud
902 1823 1016 1882 tutem
1032 1825 1210 1883 deamones
1229 1827 1332 1885 domini
1348 1833 1417 1885 serie
1436 1829 1469 1885 ul
1486 1829 1600 1903 Euange-

102 1922 308 1986 sunnone
325 1919 399 1990 quasi
416 1918 442 1972 in
456 1916 647 1972 cornuurtudins
666 1915 761 1970 liuma-
813 1914 877 1970 tuli
894 1917 949 1970 dne
979 1917 1111 1973 mentedo
1134 1929 1281 1976 meta.
1313 1921 1370 1978 ltue
1398 1923 1515 1990 aceedit,
1539 1924 1600 1994 quiin

102 2027 178 2086 m
194 2010 425 2074 animaduersum,
440 2008 478 2063 illi
496 2007 645 2063 auctoritati
658 2005 761 2061 divino-
787 1995 790 2000 ’
813 2013 871 2062 erat
882 2007 950 2064 allus
964 2008 1058 2064 modos
1076 2008 1199 2081 proprius
1212 2010 1382 2079 ladmonem,
1395 2028 1449 2084 uuo
1461 2013 1538 2069 tieret
1550 2014 1600 2069 ali·

102 2119 196 2161 rorum
218 2118 271 2159 non
289 2116 369 2173 posse
387 2113 543 2171 congruere.
556 2097 669 2168 indque
689 2096 762 2152 enim
813 2096 1020 2169 quisllliusejus
1031 2098 1066 2154 de
1077 2110 1274 2169 quononesset
1285 2104 1427 2158 carnaliter
1439 2105 1600 2161 natusluo-

102 2204 132 2255 ι
143 2195 171 2252 in
191 2195 257 2266 ipsis
269 2193 380 2264 eloquiis
398 2191 584 2248 ecclesiasticis
602 2189 714 2256 usitata,
735 2198 764 2245 ut
814 2188 906 2260 pinqul
927 2190 998 2246 enim
1017 2192 1225 2263 propinquorum
1244 2207 1354 2249 suorum
1372 2199 1432 2251 sine
1451 2195 1542 2252 liberis
1554 2196 1601 2252 de·

102 2285 193 2357 orige
203 2283 313 2341 seminis
329 2290 440 2353 generet
459 2281 557 2346 lllium,
573 2278 621 2335 sed
641 2287 669 2335 et
679 2279 762 2350 gratia
816 2278 966 2335 intinctorum
982 2280 1114 2337 ducebant
1124 2299 1236 2347 uxores,
1252 2293 1380 2340 utsemen
1393 2285 1603 2341 deiunctisusci·

102 2390 129 2433 ι.
139 2375 208 2432 uun
222 2383 247 2430 et
267 2373 392 2429 mulieres
407 2371 441 2427 de
457 2371 559 2426 semine
572 2370 687 2425 virorum
701 2385 763 2425 suo-
815 2379 901 2425 tarent
915 2369 1003 2443 (Dent.
1018 2387 1082 2435 xxv,
1094 2373 1125 2441 5,
1136 2373 1168 2440 63
1180 2372 1274 2429 ltuttlu.
1288 2390 1364 2441 xxnu,
1379 2375 1436 2445 til.
1451 2376 1488 2431 lta
1502 2377 1603 2448 illequi

102 2465 203 2524 susidis
219 2475 295 2520 natos
305 2505 313 2532 ,
325 2464 349 2519 si
364 2464 427 2533 lpse
440 2477 493 2518 non
505 2469 676 2532 pepererant,
695 2461 764 2515 tilios
815 2461 988 2527 nascebatur,
999 2472 1027 2518 et
1040 2463 1109 2518 illius
1121 2473 1180 2519 erat
1192 2464 1262 2519 lilius
1275 2465 1309 2522 de
1321 2480 1374 2537 tpm
1385 2467 1559 2530 ιιιιιοιιιιιιι,
1575 2477 1603 2523 el

102 2564 158 2622 ult
173 2556 237 2628 quin
257 2555 337 2611 etiam
350 2563 378 2608 ut
395 2553 434 2609 eis
449 2553 639 2624 gignerentur,
663 2552 765 2608 maritis
816 2553 887 2608 illius
900 2553 926 2606 in
935 2553 1011 2623 eujus
1025 2554 1193 2611 successione
1202 2556 1368 2613 maechatur.
1380 2558 1442 2614 llaec
1450 2558 1520 2614 dicta
1529 2568 1601 2626 sunt,

102 2655 144 2705 sunt
156 2664 165 2703 ι
177 2647 245 2703 sicut
256 2645 320 2702 Sara
333 2643 407 2714 (lien.
423 2660 483 2710 xrs,
495 2642 563 2714 1-1),
572 2644 641 2699 sicut
653 2641 763 2709 Rachel,
816 2642 998 2713 nequisquam
1009 2644 1164 2700 existimans
1175 2646 1231 2700 lieri
1247 2662 1396 2718 nonposse,
1407 2657 1435 2704 ut
1444 2649 1603 2705 mete-unlus

102 2736 173 2813 lud.
182 2735 375 2806 nux,l·ll).ln
388 2748 442 2805 quo
452 2733 540 2790 allicio
549 2733 598 2788 riri
607 2732 764 2788 adulterium
817 2733 932 2789 hominis
961 2733 1015 2790 duo
1048 2745 1137 2806 putres
1169 2747 1433 2806 commemorentur,
1460 2741 1604 2812 quemlibet

102 2832 247 2890 nisenam
260 2847 267 2884 :
281 2830 343 2901 quia
358 2827 483 2883 uxoribus
501 2827 529 2881 in
542 2841 572 2880 ea
591 2840 639 2889 rc,
654 2840 713 2894 quae
731 2824 765 2879 ad
817 2823 1043 2896 Evangelistarum
1068 2827 1113 2896 quui
1135 2828 1318 2897 generationes
1348 2829 1451 2885 Domini
1478 2846 1603 2887 narrare·

102 2922 245 2981 edelnltum
260 2917 568 2991 pertinet,ol›edielnant;
583 2914 727 2972 seeundum
739 2915 766 2970 ld
817 2923 899 2979 runt,
921 2915 1048 2986 sterilega
1064 2916 1195 2972 calumnia
1215 2919 1289 2989 quasi
1308 2918 1344 2975 de
1364 2921 1503 2977 mendacio
1514 2922 1604 2976 crimi-

102 3014 293 3086 'uupostolun
309 3009 542 3066 liutternenlmlet
555 3017 699 3078 peteatutmn
709 3023 764 3062 eer-
818 3005 933 3061 mindun
959 3014 1035 3078 putet
1057 3023 1064 3060 ι
1086 3009 1236 3078 praesertim
1251 3025 1311 3065 com
1335 3010 1400 3082 ipsis
1412 3027 1504 3075 eorum
1517 3014 1605 3070 verule

105 3105 174 3175 ,sed
192 3105 230 3159 nir
243 3102 376 3158 :similiter
386 3110 409 3155 et
421 3101 458 3156 nir
477 3099 609 3153 nenlrnlmt
623 3106 767 3168 potestatem
819 3110 869 3150 nos
888 3096 1024 3152 rideamus
1044 3097 1203 3154 admonitos.
1216 3099 1355 3156 Mattheus
1367 3102 1473 3173 quippe,
1488 3103 1532 3174 qui
1544 3119 1605 3159 eum

105 3197 166 3264 nui,
179 3195 223 3252 red
236 3194 325 3248 mulier
336 3191 360 3262 (1
371 3190 430 3247 Cor.
444 3207 499 3256 ιιι,
519 3190 556 3261 ι).
570 3189 674 3260 lloyses
686 3188 766 3245 ctiam
818 3193 921 3256 patrem
941 3200 1150 3244 commemorare
1162 3188 1363 3260 intelligitur,a
1383 3206 1436 3262 quo
1450 3195 1605 3264 genitusest

111 3287 224 3344 uelum
237 3293 339 3353 matre,
351 3293 379 3340 et
389 3282 541 3353 expositus,
556 3296 571 3334 a
585 3281 638 3336 tllia
651 3280 768 3335 Pharao·
819 3275 928 3346 loseph,
943 3277 978 3331 itu
988 3278 1174 3347 generationes
1186 3291 1337 3347 enumerat,
1349 3280 1395 3339 llle
1414 3284 1505 3353 genuit
1518 3284 1602 3350 illum,

102 3377 235 3447 monens
250 3374 348 3447 (tamt.
367 3373 409 3445 ιι).
422 3371 479 3427 Non
493 3380 569 3427 erant
584 3371 690 3441 quidem
704 3371 768 3440 ipsae
820 3376 850 3423 ut
862 3368 894 3422 ad
909 3367 960 3424 hoe
975 3370 1112 3438 peruenire
1124 3372 1207 3441 possit
1220 3373 1291 3443 quod
1302 3373 1338 3429 ait
1352 3375 1379 3430 in
1390 3375 1441 3432 llnc
1453 3418 1460 3441 ,
1470 3375 1551 3432 iuret
1563 3394 1606 3448 pe

102 3468 184 3525 nole
195 3481 255 3538 quae
266 3473 329 3521 sunt
347 3463 426 3520 modo
442 3482 449 3518 ι
465 3463 511 3518 sed
524 3463 661 3518 arbitrium
673 3463 767 3517 nolun-
820 3457 989 3529 nuit-loneplr.
1004 3461 1088 3518 Lucas
1099 3478 1178 3529 vero,
1189 3465 1250 3534 glria
1265 3481 1318 3520 non
1333 3467 1439 3537 proprie
1452 3467 1548 3524 dicitur
1558 3486 1606 3539 ge-

102 3573 209 3615 ·sorma
221 3556 287 3627 legis
301 3555 460 3622 habendum
474 3554 543 3610 sieut
552 3562 580 3610 et
592 3553 646 3609 alio
658 3553 717 3609 loco
728 3550 769 3608 di·
820 3548 902 3617 nitus,
915 3550 960 3620 qui
974 3551 1014 3605 vel
1028 3552 1170 3621 adoptione
1181 3553 1295 3609 elidtur
1307 3555 1376 3610 lilius
1387 3599 1395 3621 ,
1408 3557 1450 3611 vel
1463 3558 1489 3611 in
1502 3574 1607 3614 succes-

102 3651 186 3717 tolus,
200 3649 266 3715 Quin
278 3658 362 3720 pentes
376 3647 456 3719 kpem
465 3662 515 3701 non
525 3645 656 3711 tabentes,
670 3654 770 3699 umaru-
820 3643 896 3699 sione
910 3644 1006 3698 mertui
1019 3659 1053 3700 ex
1069 3644 1112 3699 illa
1124 3660 1183 3715 quae
1197 3662 1265 3701 uxor
1277 3647 1335 3718 ejus
1347 3646 1395 3702 luit
1409 3650 1540 3718 nascitur,
1554 3666 1606 3706 non

102 3741 180 3813 itepiu
192 3749 251 3796 sunt
264 3741 360 3810 fuciunt
371 3738 458 3810 (Rom.
472 3754 498 3802 ιι,
514 3737 569 3809 ιι).
583 3737 612 3792 Si
628 3743 715 3791 autem
729 3736 769 3793 ic-
821 3732 907 3800 dixit,
923 3733 982 3788 tlelt
1003 3736 1094 3804 genuit
1104 3733 1220 3805 Joseph;
1234 3746 1296 3804 aru,
1311 3737 1409 3808 loseph
1421 3755 1499 3808 quem
1517 3742 1608 3811 genuit

102 3831 177 3889 ubal
190 3845 238 3886 eos
250 3829 318 3885 lilios
331 3828 429 3892 faeere,
440 3841 508 3898 quos
518 3842 571 3880 non
583 3827 647 3896 ipsae
661 3841 770 3897 pepere-
821 3826 880 3882 lieu
894 3846 901 3882 ι
915 3827 976 3893 sed,
991 3828 1034 3896 qui
1046 3828 1108 3898 luit,
1119 3827 1217 3898 inquit,
1232 3829 1301 3896 fitius
1316 3828 1376 3884 llett
1396 3829 1470 3901 (Luc.
1486 3847 1528 3891 ιιι.
1538 3831 1606 3905 Ξ5);

102 3936 121 3978 u·
138 3936 193 3976 non
215 3928 244 3976 et
256 3920 338 3985 uiris,
353 3932 421 3988 quos
435 3933 488 3972 non
502 3917 550 3988 ipsi
571 3925 718 3986 genuerant
736 3931 770 3972 ex
821 3918 878 3973 sire
891 3918 1059 3988 adoptando,
1075 3919 1157 3974 siren
1180 3921 1328 3992 propinquo
1342 3921 1447 3994 genitus
1465 3924 1491 3979 in
1512 3927 1607 3981 mortui

102 4011 214 4077 ramuli,
227 4010 320 4066 seder
333 4009 474 4064 dilectione
485 4006 647 4077 adoptandi?
662 4005 728 4060 llam
743 4014 772 4061 et
822 4009 992 4063 successione
1004 4009 1147 4064 nascende.

102 4104 166 4161 teoln
179 4101 355 4173 patriarcham
368 4109 500 4155 teritorum
520 4099 632 4153 liliorum
653 4107 770 4168 putrem,
857 4097 971 4156 CAPUT
989 4097 1049 4153 XX.
1061 4129 1097 4139 -
1109 4100 1153 4154 50.
1170 4098 1254 4166 Quare
1265 4118 1310 4172 per
1320 4101 1415 4174 loseph
1427 4115 1608 4172 nummorum,

109 4205 199 4251 tumen
221 4192 271 4249 sibi
286 4191 354 4247 filios
375 4191 471 4247 iecisse
484 4198 594 4258 nepotes
606 4203 689 4255 suos,
704 4188 771 4243 lulius
823 4207 873 4246 nen
886 4207 931 4261 per
951 4189 1071 4245 uanam
1097 4191 1155 4246 lanu
1174 4207 1238 4248 sero
1256 4192 1320 4249 illud
1343 4195 1404 4265 qula
1426 4211 1535 4253 movere
1556 4212 1609 4253 non

102 4287 152 4343 sita
161 4285 295 4342 dicantem
308 4301 316 4338 :
328 4281 376 4338 lati
385 4282 436 4336 duo
448 4281 509 4334 milui
520 4289 603 4348 munt,
614 4289 638 4334 et
650 4279 772 4350 accipient
823 4280 917 4345 debet,
928 4295 1010 4349 cuore
1023 4296 1069 4350 per
1082 4280 1180 4352 loseph
1192 4321 1201 4346 ,
1214 4291 1242 4337 et
1255 4299 1307 4338 non
1318 4284 1483 4353 puellarium
1496 4302 1609 4356 genera·

102 4395 150 4436 n
167 4376 287 4450 putridus
302 4377 373 4440 ruls;
387 4390 449 4444 quor
460 4372 525 4427 ullor
536 4372 650 4444 genueris
662 4371 705 4425 titt
722 4370 773 4425 sint
824 4373 911 4426 tiones
924 4379 1115 4434 numerentur,
1137 4373 1202 4426 sotis
1213 4371 1313 4428 dictum
1327 4382 1369 4429 est
1382 4391 1389 4427 ι
1403 4376 1464 4445 qula
1484 4376 1553 4432 sicut
1567 4379 1609 4433 illa

102 4484 175 4536 ιιιιι,
184 4469 211 4534 5,
222 4467 262 4539 6).
271 4464 326 4520 Nisi
341 4464 409 4519 lorte
421 4464 481 4533 quis
498 4462 594 4517 dixerit
606 4461 692 4531 ipsum
710 4460 774 4515 ado-
825 4461 883 4516 sine
896 4461 995 4516 cantuli
1008 4464 1220 4531 concupiscentia
1233 4474 1327 4533 mater,
1337 4466 1376 4521 sic
1386 4467 1431 4523 ille
1441 4468 1498 4523 sine
1510 4472 1609 4525 carnali

104 4559 299 4623 uerbum,noo
324 4553 436 4609 inueniri
457 4555 483 4607 in
500 4551 643 4623 scripturis
664 4549 772 4606 sanctis.
825 4551 1013 4607 commixtione
1031 4561 1114 4621 paler.
1138 4552 1190 4608 Per
1211 4553 1285 4608 illum
1305 4569 1370 4625 ergo
1383 4555 1562 4623 descendant,
1584 4570 1611 4614 et

102 4667 149 4711 ero
160 4649 303 4721 quidquam
322 4647 434 4701 interest
451 4660 504 4715 qino
517 4644 645 4700 uocabulo
657 4643 774 4713 appelle-
827 4655 875 4710 per
888 4639 960 4695 illum
970 4641 1115 4696 ascendunt
1127 4643 1321 4711 generationes.
1333 4644 1387 4699 Nee
1398 4660 1458 4700 eum
1473 4656 1611 4716 propterea

102 4760 121 4799 n
133 4742 247 4813 reslpsn
257 4740 308 4804 sit,
324 4746 353 4792 ut
370 4736 467 4791 habeut
478 4736 559 4791 lilium
573 4735 680 4798 mulier,
695 4748 776 4805 quem
826 4747 995 4803 separemus,
1015 4733 1076 4802 quim
1097 4732 1181 4789 deluit
1197 4734 1311 4789 cumulis
1322 4736 1544 4806 eoncupiscentia.
1558 4736 1611 4792 llu-

102 4848 142 4891 m
154 4830 273 4902 perierim
288 4835 334 4882 aut
344 4827 459 4896 aliquem
469 4827 525 4890 uir,
539 4839 617 4895 quem
629 4839 709 4880 corne
722 4839 775 4878 non
825 4823 869 4893 jor
880 4822 981 4892 puritas
992 4823 1132 4879 oonllrrnet
1154 4825 1337 4893 paternitatem
1362 4844 1370 4880 ι
1395 4843 1429 4883 ne
1443 4828 1499 4898 ipsu
1520 4839 1611 4884 sancta

102 4923 189 4981 Eume
201 4919 308 4991 quidem
321 4932 372 4971 non
384 4925 544 4985 repugnante
554 4928 607 4968 nou
621 4923 698 4969 uocet
709 4913 776 4968 ado·
828 4912 909 4968 iluna
923 4927 973 4968 nos
995 4913 1180 4984 reprehendat.
1196 4915 1242 4969 llla
1253 4916 1323 4971 enim
1339 4930 1435 4971 nomen
1454 4932 1530 4972 suum
1544 4933 1602 4986 prm

103 5012 205 5083 dosepln
217 5051 226 5077 ,
240 5006 384 5064 dummodo
396 5004 594 5060 coucedateum
614 5002 695 5058 ullum
716 5017 776 5058 esse
828 5017 927 5073 ponere
948 5003 1033 5058 uoluit
1046 5005 1142 5058 marito
1161 5019 1224 5069 suo;
1245 5004 1292 5061 sed
1316 5005 1399 5073 dixit,
1415 5005 1492 5060 Peter
1513 5015 1570 5061 tuus
1589 5018 1612 5061 et

102 5103 207 5161 retiam
221 5099 324 5170 ejusde
344 5097 419 5166 cujus
437 5110 517 5149 carne
538 5110 590 5148 uon
610 5103 667 5149 erut
687 5101 775 5150 natus.
827 5107 875 5162 apo
896 5091 1006 5146 delentes
1028 5092 1196 5162 puereimnus
1218 5102 1242 5147 te
1266 5093 1339 5165 (due.
1353 5111 1388 5161 ιι,
1403 5095 1458 5157 tul.
1471 5095 1529 5152 Non
1547 5111 1612 5168 ergo

102 5184 661 5260 nmPaulusapostolusetiamadoptionis
679 5198 777 5240 nomen
829 5179 1057 5252 iaciantperrersi
1079 5191 1305 5249 murmuratores,
1329 5185 1398 5254 quod
1421 5185 1516 5257 conjux
1540 5198 1612 5243 casta

106 5288 317 5346 commemoret,
328 5286 356 5334 et
368 5277 395 5333 in
408 5292 504 5346 magno
517 5283 692 5330 sacramento.
710 5273 777 5331 llam
829 5284 883 5326 non
904 5270 975 5325 lecit
997 5269 1170 5326 Numeremus
1190 5286 1255 5342 ergo
1266 5288 1313 5343 per
1332 5272 1429 5345 tosepln
1444 5292 1452 5329 ι
1465 5276 1525 5346 qrria
1545 5277 1614 5334 sieut

102 5377 217 5434 uinum
229 5379 350 5429 nostrum
360 5369 450 5424 tenum
463 5366 598 5423 Christum
609 5367 717 5422 unicum
730 5366 778 5423 oet
829 5369 903 5414 wls
922 5358 1051 5427 maudut,
1070 5359 1109 5415 sic
1122 5369 1195 5416 caste
1210 5372 1287 5432 pater
1297 5371 1347 5418 est.
1362 5363 1414 5419 Sed
1429 5380 1613 5436 preponamus

102 5468 240 5540 Scriptura
251 5472 376 5529 testetur,
392 5462 488 5516 iratres
506 5468 534 5515 et
546 5456 700 5514 cohaeredes
711 5471 779 5528 quos
830 5451 915 5505 uirum
935 5449 1040 5505 leonium
1053 5450 1145 5507 ordine
1157 5460 1257 5508 naturm
1270 5463 1296 5509 et
1309 5453 1373 5525 legis
1386 5455 1443 5511 llei.
1454 5456 1519 5512 Nam
1532 5459 1555 5514 sl
1568 5474 1613 5513 re.

102 5562 228 5634 agnatum
239 5564 298 5621 est,
311 5550 570 5624 adoptionequadnm
583 5548 679 5604 divinae
688 5547 780 5620 gratiae
831 5549 904 5597 moto
914 5540 960 5596 illo
971 5539 1043 5596 illam
1055 5542 1245 5598 constituamus
1259 5545 1277 5608 ¹;
1292 5544 1356 5599 dicit
1374 5546 1435 5605 ille.
1450 5557 1476 5602 ct
1490 5558 1560 5605 reete
1572 5550 1613 5604 dl·

103 5657 135 5712 it.
150 5651 214 5709 Cum
226 5643 501 5716 tormentumque,
512 5641 639 5714 plenitude
652 5641 778 5712 tremoris,
865 5653 874 5684 ¹
887 5659 952 5714 uss,
963 5661 1021 5704 nnn
1031 5651 1148 5706 strenuom
1158 5653 1260 5716 tioium
1270 5657 1446 5711 centunculis.
