3728 6276
693 270 806 330 8011110
824 263 1035 328 cccxxxviii.
1623 263 1692 325 1111

60 278 129 338 tttt

60 417 102 457 tas
113 400 186 456 eritl
197 396 322 457 cantabit
339 395 456 461 claritas,
468 408 517 449 nec
529 400 722 463 compungetur
732 389 846 446 inirrmi·
902 402 958 440 nero
971 393 1055 438 uutuo
1066 381 1224 437 iubemuses
1237 375 1302 449 oo,
1317 377 1420 436 dantum
1433 394 1483 435 non
1496 382 1668 452 orumsuetusrs
1681 419 1691 447 ,

60 496 188 550 tuscum
213 491 336 549 ostendet
347 506 377 546 se
391 491 475 561 ipsum
489 487 565 543 nobis
578 486 622 557 qni
643 500 692 540 nos
703 484 806 548 dilexit,
820 491 848 538 et
902 486 1021 531 eternum
1035 477 1061 530 iu
1078 473 1146 528 celis
1174 471 1213 541 (11
1228 471 1286 527 Cor.
1298 487 1326 539 r,
1341 469 1369 545 1)
1387 488 1393 526 :
1408 471 1453 527 ubi
1476 479 1505 528 et
1521 471 1580 543 ipsa
1600 479 1693 530 nosue

60 586 202 642 tradidisse
217 587 302 656 ipsum
317 597 364 654 pro
384 581 483 646 oobis;
508 580 595 650 etqui
619 579 743 650 apparuit
757 576 848 632 bomi·
902 581 1013 637 corpora
1032 562 1208 621 conversione
1230 563 1435 620 resurrectionis
1449 562 1608 619 coelestiam
1619 576 1694 620 aaut·

58 678 219 748 nibusqood
232 685 272 733 est
295 675 379 730 iaetus
394 674 420 729 in
445 682 540 743 matre,
555 670 695 741 apparebit
712 669 751 728 eis
777 668 848 724 Deos
903 658 1007 729 vileina
1021 656 1190 711 suluiasuni·
1211 655 1245 710 Et
1269 669 1340 710 ”⁰¹¹⁰
1361 653 1483 725 quamvis
1506 651 1623 709 nondum
1642 666 1692 724 W

58 766 145 822 iactor
156 765 224 836 qood
234 773 291 821 crat
302 765 327 820 in
338 764 415 819 Patre
429 780 436 818 :
451 777 511 818 com
523 761 684 832 ingredietur
703 757 848 829 perlectam
902 749 1032 819 speciem,
1048 749 1116 804 sicut
1128 747 1180 802 erit
1194 745 1260 802 iacie
1273 745 1306 801 ad
1321 747 1415 801 taciem
1430 743 1463 819 (l
1480 742 1540 800 cor.
1555 758 1613 813 xm,
1629 744 1691 816 11),

60 869 85 911 et
99 866 229 922 orrratam,
246 856 346 910 unitate
367 854 521 916 stabilitam,
537 852 740 907 immortalitate
764 849 848 904 testi·
903 850 991 896 omen
1006 855 1054 910 per
1074 838 1151 893 sidem
1168 837 1269 893 habitui
1294 838 1320 892 itt
1340 836 1417 893 nobis
1443 836 1514 891 Deus
1534 844 1587 892 :tl
1607 833 1634 892 11
1655 836 1695 893 tic

58 956 113 1002 tam
139 956 255 1003 aeternos
276 948 333 1017 ipse
355 946 486 1001 habitator
499 945 606 1001 domum
622 959 715 1009 soam;
730 942 850 1013 implebit
903 933 1031 986 1111111111)
1046 930 1226 986 babitaculum
1241 924 1694 1000 1111011011111111111111113

58 1040 159 1106 omnia,
183 1037 293 1103 fulgebit
324 1039 351 1091 in
372 1039 504 1103 cornibus,
528 1046 555 1090 ut
569 1037 600 1091 sit
620 1035 688 1090 Deus
714 1035 799 1090 omerio
821 1033 849 1089 in
902 1037 982 1092 opera
997 1031 1097 1078 aeieissi
1112 1035 1165 1076 ¹¹0⁰
1181 1030 1253 1088 511111,
1269 1020 1316 1076 ὅθί]
1333 1019 1366 1074 id
1381 1029 1510 1076 {eternam
1534 1017 1616 1075 iiim
1633 1032 1695 1090 pet·

58 1131 174 1185 amnites
188 1129 197 1198 q
211 1128 221 1182 1
233 1126 293 1184 cor.
304 1145 348 1190 xo,
357 1128 392 1183 28
405 1127 427 1199 ),
902 1113 1011 1169 ducunt.
1022 1113 1060 1167 Ex
1071 1112 1166 1182 quibus
1178 1120 1219 1167 ost
1229 1120 1257 1166 et
1267 1111 1317 1165 itoc
1329 1125 1407 1180 opus,
1419 1125 1472 1180 quo
1483 1111 1532 1166 ista
1542 1108 1651 1165 basilica
1659 1107 1695 1164 ia·

94 1219 206 1277 CAPUT
226 1218 269 1273 111.
294 1219 367 1274 ,5.
391 1218 550 1273 desiderium
575 1186 706 1271 tonitrunm
723 1216 750 1271 in
775 1216 849 1270 domo
903 1199 1695 1273 bricataest:nonenimtalesiabricasibioperabimur.Nol·

59 1310 117 1365 Dei.
128 1309 226 1365 Domus
241 1308 290 1364 Der·
300 1319 357 1364 rene
381 1309 430 1381 ipe·
445 1311 500 1379 ejus
513 1310 673 1364 trilibrem,
685 1307 758 1363 nanc
771 1323 849 1362 unam
903 1297 943 1351 lus
952 1297 986 1351 ibi
996 1297 1070 1352 iocus
1083 1296 1200 1351 ruituros
1212 1294 1369 1360 aediticatur,
1387 1308 1441 1362 quo
1458 1292 1546 1348 nuilus
1559 1290 1694 1348 habitator

59 1402 189 1457 visionem
205 1403 325 1472 pertrita
341 1401 453 1457 bomine
472 1400 600 1471 quiderm
615 1407 642 1455 et
663 1398 849 1470 ipseqotdom,
902 1388 1048 1443 morituros
1073 1384 1319 1458 ingrediundum
1337 1394 1424 1439 omen
1448 1384 1482 1439 sit
1503 1383 1604 1439 bonum
1620 1391 1689 1439 tem·

58 1496 228 1560 eliciamus,
244 1509 405 1550 oossomus.
421 1490 653 1562 liujusdesiderio
675 1491 804 1546 laboravit
823 1489 849 1546 in
903 1477 1072 1548 i⁰i³¹⁸⁰il¹¹⁸
1091 1487 1229 1543 1811111111,
1254 1486 1284 1531 111
1308 1475 1454 1530 aeleissiiil
1468 1489 1571 1531 mem
1593 1480 1692 1530 111111·

58 1587 158 1656 gemitu
182 1601 240 1652 suo,
256 1586 318 1641 binc
346 1586 409 1640 iavit
430 1601 476 1655 per
501 1584 619 1655 singulas
640 1594 734 1640 noctes
752 1585 850 1641 lectum

58 1692 148 1741 suom,
157 1685 184 1732 et
206 1677 232 1731 in
244 1677 369 1748 lacrymis
383 1684 494 1731 stratum
511 1690 590 1731 strom
603 1675 716 1748 rigavit(
727 1674 798 1731 Psoi.
812 1692 848 1743 ιι,

59 1767 107 1839 i).
122 1767 234 1837 Propter
249 1767 316 1822 banc
330 1767 400 1822 enim
429 1767 535 1823 iuetunt
553 1767 578 1825 ei
590 1767 716 1839 iacrymas
734 1783 789 1823 sue
804 1784 851 1839 pa-

59 1858 154 1914 nisdie
167 1874 199 1913 ac
213 1867 301 1924 nocte,
317 1857 381 1913 dom
394 1858 528 1914 diceretur
539 1858 565 1914 ei
581 1873 628 1928 per
647 1859 767 1930 singulos
780 1858 847 1927 dics,

62 1948 112 2004 Ubi
134 1949 254 2004 est·Deus
275 1949 349 2021 tutas(
365 1948 436 2004 Psoi.
450 1951 531 2014 ιιι,1
545 1949 555 2018 )
567 1951 579 2004 l
593 1949 652 2020 ipse
666 1950 765 2022 quippe
782 1951 820 2005 ait
836 1968 844 2008 t

60 2041 144 2096 linum
167 2043 227 2110 petii
243 2059 259 2096 u
281 2042 400 2107 Dnnrino,
415 2044 480 2096 irone
491 2043 628 2113 requiram,
642 2052 671 2097 ut
679 2042 849 2097 initubitemiu

57 2133 133 2186 domo
147 2132 250 2186 Domini
263 2148 308 2205 per
319 2149 403 2188 omnes
416 2133 469 2187 dies
481 2132 538 2188 uite
556 2148 628 2200 nreoe,
643 2143 669 2188 ut
692 2135 850 2204 couteropier

57 2225 248 2279 delectationem
257 2222 371 2289 Dourini,
382 2234 405 2279 et
420 2233 538 2296 protegor
548 2226 671 2295 templum
684 2226 757 2297 ejus(
772 2225 849 2282 Paul.

57 2330 130 2382 xant,
144 2316 194 2388 1).
208 2316 269 2372 Suis
280 2319 336 2386 ipse
345 2316 489 2383 habitator,
503 2316 552 2386 ipsi
560 2316 698 2372 inabitatio.
711 2317 763 2386 Qut
778 2319 849 2374 eninr

58 2407 177 2463 herbitant
191 2410 216 2463 in
237 2409 318 2464 domo
340 2410 396 2478 ilci,
408 2409 459 2480 ipsi
480 2418 543 2466 sunt
557 2411 639 2466 etiam
664 2410 759 2468 domos
778 2413 849 2468 ilci:

56 2517 117 2570 tque
131 2500 325 2571 contemplatur
348 2501 556 2558 delectationem
576 2503 644 2571 ejus,
661 2511 689 2559 et
702 2503 852 2575 protegitur

58 2590 187 2660 templum
205 2591 272 2659 ejos,
288 2599 316 2645 et
339 2591 510 2646 absconditor
531 2593 557 2646 in
577 2592 737 2650 abscondito
762 2596 851 2649 vultos

57 2681 126 2750 ejus.
141 2682 214 2737 lianc
225 2697 300 2751 spem
315 2692 445 2747 tenemus,
460 2698 517 2738 rem
541 2683 658 2739 norrdum
671 2683 804 2741 videmus.
820 2685 851 2742 Si
902 2715 910 2745 ε

57 2773 216 2844 putantquod
228 2776 401 2831 nouuidemus
412 2791 555 2845 speramus,
576 2794 621 2847 per
641 2777 789 2848 potientium
808 2795 853 2834 ea·

57 2872 199 2932 spectamus
212 2863 309 2936 (dom.
332 2880 389 2932 ιιιι,
410 2864 518 2937 25),ct
541 2880 589 2936 per
606 2868 761 2938 patientiam
783 2869 849 2924 tedi-

58 2962 179 3013 beamur.

93 3048 207 3105 CAPUT
225 3049 270 3105 il.
283 3080 318 3091 -
334 3051 361 3105 1.
381 3050 586 3109 Fundamentum
604 3066 717 3110 nostrum
731 3072 849 3125 sursuro,

57 3155 108 3191 noo
122 3139 250 3195 deorsum.
262 3140 310 3194 iiia
334 3156 409 3211 crgo,
437 3141 542 3209 iratres,
558 3143 582 3199 si
603 3144 774 3200 resurrexistis
791 3161 850 3200 cum

58 3229 170 3296 Cio-isto,
182 3246 238 3293 quse
249 3248 349 3287 sursum
362 3242 423 3288 suut
442 3234 557 3306 querite,
583 3234 627 3290 ubi
648 3235 763 3292 Cirristus
775 3247 810 3292 est
824 3238 852 3293 in

57 3321 161 3374 deutero
173 3319 220 3374 tta·
228 3321 317 3376 sedens
331 3337 341 3376 :
356 3339 413 3393 quoe
432 3341 531 3381 sursum
543 3336 602 3381 sunt
613 3327 705 3398 sopite.
730 3343 781 3383 non
794 3343 852 3397 quos

57 3427 136 3481 super
150 3419 243 3465 torona
257 3411 266 3483 (
279 3408 376 3468 Gulusa.
401 3430 440 3478 ιιι,
457 3416 468 3470 1
482 3423 506 3469 ct
515 3415 556 3489 1).
569 3416 633 3472 ideo
646 3416 719 3473 enim
733 3428 760 3473 ct
771 3418 851 3475 Citri-

57 3516 117 3558 stus
132 3497 331 3559 inindumentum
353 3512 474 3560 nostrum
497 3506 533 3560 ibi
548 3507 651 3578 positus
675 3515 726 3575 est,
741 3518 770 3564 ut
787 3524 850 3565 sur·

58 3608 118 3649 sum
139 3609 233 3649 versos
246 3595 420 3651 adiocemur.
436 3595 509 3651 Sicut
523 3597 595 3652 enim
609 3597 724 3654 terrenis
737 3598 851 3655 molibus

57 3688 255 3754 construendis,
266 3703 379 3758 quarum
394 3687 483 3758 gravia
497 3703 609 3758 corpora
629 3689 785 3760 nanctique
800 3690 851 3745 nisi

57 3779 92 3834 ad
107 3781 158 3834 ima
172 3779 329 3851 devergunt,
341 3783 367 3834 ln
381 3782 436 3835 imo
452 3780 560 3850 ponitur
570 3781 773 3838 fundamentum
788 3800 795 3838 ε
810 3783 851 3840 sic

58 3873 136 3928 uobis
156 3873 316 3928 econtrario
330 3888 434 3927 sursum
450 3881 490 3929 est
508 3873 610 3944 positus
623 3873 689 3944 lapis
700 3873 746 3930 ilic
758 3874 851 3930 inoda-

57 3967 191 4032 tnentalis,
203 3976 233 4020 ut
253 3980 360 4021 sursum
374 3981 423 4021 nos
441 3966 527 4036 rapiat
538 3967 616 4022 etiam
628 3966 746 4036 pondere
759 3966 851 4023 citari-

59 4060 131 4114 tatis.
156 4058 287 4114 alacriter
301 4072 366 4129 ergo
388 4074 446 4112 eune
459 4059 548 4113 timore
569 4066 593 4114 et
616 4067 723 4114 tremore
744 4070 851 4115 oestrum

57 4151 170 4220 ipsorum
181 4149 287 4204 sulutem
308 4149 458 4221 operamini.
472 4147 542 4204 oros
552 4149 619 4204 euim
632 4159 668 4204 est
679 4150 722 4219 qui
731 4159 851 4222 epouur

56 4243 85 4296 io
111 4241 179 4296 cobis
192 4240 255 4295 uelle
269 4250 293 4295 et
316 4243 418 4312 apocri
431 4257 477 4309 pro
496 4238 563 4294 bonu
578 4241 708 4297 uoluatute
718 4241 738 4296 ¹.
757 4238 851 4298 Omnia

57 4332 132 4404 [aab
140 4331 195 4387 siue
208 4331 426 4402 murmuratione(
444 4330 557 4404 Philipp.
572 4346 602 4394 tt.
616 4330 737 4406 11-11).
750 4332 784 4389 iit
793 4342 851 4389 turt-

56 4441 131 4494 quom
145 4423 242 4493 lapides
250 4423 298 4478 riui
307 4423 499 4494 coedificamini
511 4425 538 4479 in
547 4425 668 4496 templum
677 4425 727 4482 Dei
738 4424 768 4502 (1
777 4425 848 4485 Pete.

58 4530 88 4578 ιι,
100 4515 141 4584 5,)
149 4531 156 4568 :
165 4521 194 4569 et
204 4523 329 4584 tanquam
341 4514 410 4586 ligna
422 4514 594 4586 imputribilia
605 4515 639 4571 de
652 4517 727 4574 vobis
735 4519 798 4589 ipsis
808 4519 850 4577 is·

58 4606 110 4660 cite
123 4605 233 4661 donnum
248 4604 304 4660 [lei.
320 4604 557 4678 Conquadramini,
572 4606 709 4676 dolamini,
723 4608 750 4664 in
773 4608 848 4665 iabo-

58 4699 142 4763 ribus,
166 4697 192 4753 in
210 4697 422 4762 necessitatibus,
447 4699 473 4754 in
501 4698 608 4770 vigiliis,
634 4699 661 4754 in
677 4701 800 4772 negotiis,
814 4701 849 4758 ad

57 4805 137 4845 omrre
150 4805 217 4860 opos
230 4791 330 4846 bonum
356 4791 485 4861 paramini
498 4809 505 4846 :
521 4800 549 4847 ut
561 4792 589 4847 io
600 4799 700 4849 telerna
714 4795 766 4849 vita
778 4795 850 4851 velot

56 4896 186 4953 compage
203 4881 339 4938 societatis
355 4882 520 4954 Angelorum
545 4885 716 4956 requiescere
740 4900 849 4943 merea·

58 4974 134 5030 otini.

92 5065 206 5123 cotton
221 5067 318 5124 v.-5.
334 5067 514 5125 Habitueulunt
525 5078 647 5127 eternum
661 5088 792 5144 petopeto
805 5073 851 5129 bo·

56 5176 90 5214 ou
107 5162 314 5230 praeparandum.
330 5161 382 5217 iste
394 5163 466 5218 eninr
479 5162 554 5219 locos
569 5164 752 5235 temporaliter
764 5165 850 5222 aedid-

59 5260 134 5305 catos
146 5260 197 5313 cst,
214 5266 262 5306 oec
274 5252 300 5306 in
313 5262 442 5308 arternum
455 5252 561 5309 donabit
575 5255 663 5311 :sicut
675 5266 703 5312 et
716 5257 772 5328 ipsa
797 5275 848 5315 no-

57 5350 113 5396 stra
147 5356 283 5411 corpora,
311 5352 419 5414 propter
444 5358 558 5415 quarunt
586 5347 773 5405 necessitatem
799 5365 848 5420 per

56 5447 139 5501 opera
152 5432 440 5492 misericordiaeiactus
454 5446 505 5504 est,
523 5451 575 5492 oon
588 5448 651 5493 sont
661 5439 751 5511 ntique
772 5457 846 5497 sem-

58 5524 170 5591 piterna,
196 5522 245 5578 scd
269 5525 422 5594 temporalia
448 5533 529 5598 atque
552 5529 686 5585 mortalia.
701 5528 848 5589 iiubitutio·

89 5656 97 5683 ¹
107 5652 215 5714 mithio
226 5653 289 5706 uobis
299 5652 428 5708 ooleutiius
438 5657 536 5722 emtori
546 5672 590 5724 per
600 5659 686 5712 bonor
697 5660 847 5715 coemeterii.

55 5716 204 5777 castigantur
213 5716 251 5768 iric
259 5724 285 5768 et
295 5716 349 5768 alib
357 5717 415 5772 locis
424 5721 454 5772 ao
465 5721 561 5786 opums
572 5729 637 5776 uoto
650 5727 833 5788 monuerimus.

902 1570 989 1637 Nunc,
1017 1571 1136 1642 inquam,
1152 1567 1214 1625 lidci
1228 1579 1256 1625 et
1268 1569 1325 1639 spel
1340 1567 1450 1623 domum
1470 1565 1600 1638 spirituali
1624 1565 1694 1633 dile·

902 1663 991 1720 ctione
1003 1662 1150 1720 coorstroitc
1161 1661 1272 1717 inomni
1285 1675 1367 1730 opere
1377 1660 1459 1727 bono,
1472 1659 1544 1731 quod
1557 1668 1621 1716 tuno
1638 1671 1693 1714 aon

902 1755 964 1821 erio
980 1756 1041 1825 qnia
1055 1754 1200 1825 indigentia
1213 1752 1285 1808 nulia
1304 1752 1366 1809 erit.
1380 1751 1566 1808 Fundamenta
1578 1765 1644 1825 ergo
1665 1752 1693 1808 lo

903 1845 1031 1902 cordibus
1053 1845 1150 1900 restris
1172 1842 1317 1915 apostolica
1331 1851 1358 1899 et
1372 1843 1527 1914 prophetica
1541 1843 1641 1900 monita
1652 1843 1695 1916 ia·

902 1937 972 2006 cite,
998 1937 1174 1993 honriiitatem
1199 1946 1316 1991 vestram
1340 1936 1409 1991 sicot
1431 1935 1612 2005 pavimentum
1636 1936 1695 1992 dns

902 2028 1048 2085 otietrsione
1061 2029 1237 2099 prostemite;
1254 2026 1397 2083 salutarem
1411 2028 1437 2082 io
1453 2035 1544 2082 restro
1556 2026 1694 2084 condedo-

902 2123 1015 2177 ctrioam
1028 2121 1192 2177 orationibus
1203 2128 1231 2176 et
1243 2119 1409 2175 sermonibus
1423 2129 1545 2190 tanquam
1556 2117 1696 2192 drmispa·

902 2213 1013 2268 rictibus
1025 2213 1204 2278 commonita,
1218 2210 1314 2266 diuinis
1327 2224 1373 2264 eos
1393 2209 1551 2265 testimoniis
1568 2216 1696 2281 uoqrrant

903 2303 1078 2359 luminaribus
1089 2303 1228 2368 illustrate,
1241 2301 1360 2356 itrssrtnos
1370 2301 1440 2356 sicot
1454 2302 1585 2358 columne
1598 2300 1695 2358 solier-

903 2408 938 2463 te,
962 2399 1056 2468 inopies
1079 2398 1147 2453 sicut
1170 2405 1239 2452 tecta
1258 2396 1406 2465 protegite:
1421 2403 1450 2449 ut
1476 2395 1605 2459 Dominus
1623 2394 1695 2451 Deus

903 2500 995 2546 noster
1007 2505 1056 2561 pro
1069 2489 1257 2559 temporalibus
1270 2488 1346 2544 bools
1356 2496 1455 2541 aeterna
1467 2486 1601 2556 restituat,
1611 2494 1696 2543 ottus

903 2581 930 2636 in
943 2590 1074 2636 auritum
1088 2580 1219 2650 periectos
1231 2577 1423 2646 dedicatosque
1434 2575 1579 2645 possideat.

1113 2688 1227 2746 scotto
1241 2685 1439 2744 cccxxxtttt
1448 2691 1457 2709 ·
1467 2686 1521 2758 (u).

1118 2776 1435 2840 tonedemooecociesiae,
1447 2793 1481 2830 ιιι.
1573 2838 1577 2845 .

938 2886 1052 2944 CAPUT
1066 2883 1209 2942 Pililiilbi.
1222 2883 1293 2938 -i.
1311 2881 1385 2937 Boou
1410 2899 1487 2954 opero
1510 2883 1537 2937 in
1562 2882 1697 2955 mumistia

904 2986 972 3054 q'uctu
986 2980 1111 3050 duplicent
1122 2977 1213 3032 iubent
1228 2976 1375 3031 utilitatem.
1389 2974 1502 3044 Quando
1515 2975 1584 3030 bona
1597 2988 1696 3046 opera,

903 3075 983 3132 ctiam
995 3086 1054 3142 quse
1068 3081 1179 3143 propter
1191 3070 1274 3125 Deum
1286 3067 1363 3136 fiottt,
1375 3068 1529 3124 bominibus
1549 3068 1697 3125 osterrdnn·

903 3174 958 3233 tor,
970 3180 1031 3221 cunr
1046 3179 1078 3220 ea
1093 3163 1193 3218 iaciunt
1205 3160 1306 3218 boniet
1320 3161 1449 3233 religiosi,
1466 3176 1520 3216 non
1533 3159 1626 3216 laudes
1645 3160 1699 3215 bo·

904 3272 989 3312 manae
1001 3265 1172 3326 expetuntur,
1188 3254 1235 3311 sed
1248 3254 1373 3310 imitanda
1381 3261 1576 3325 proponuntur.
1592 3250 1697 3323 Duplex

903 3357 945 3408 cst
957 3349 1030 3405 enim
1044 3346 1245 3423 misericordia,
1259 3362 1319 3419 quc
1342 3345 1371 3401 to
1396 3346 1424 3401 io
1446 3345 1517 3401 bono
1530 3359 1622 3416 opere,
1636 3359 1698 3402 cor·

905 3442 1003 3513 poraiis
1021 3449 1049 3498 et
1059 3439 1214 3513 spiritualis.
1226 3438 1421 3503 Esurieotibus,
1435 3438 1595 3506 sitientibus,
1606 3437 1696 3503 nudis,

904 3532 1053 3604 peregrinis
1080 3531 1212 3603 corporali
1237 3530 1421 3586 misericordia
1456 3529 1697 3586 subtenitorrea·

902 3623 965 3682 dem
979 3631 1068 3680 tamen
1081 3624 1140 3694 ipsa
1154 3637 1215 3678 cum
1225 3620 1416 3687 ostenduntur,
1429 3629 1457 3677 et
1467 3619 1502 3677 ad
1521 3619 1697 3679 imitationem

903 3721 1016 3770 &tems
1030 3720 1186 3785 provocant,
1202 3712 1284 3766 etiam
1298 3711 1408 3782 spiritus
1417 3719 1573 3782 mentesque
1580 3724 1696 3784 pascuo·

906 3813 961 3861 tur.
977 3805 1180 3878 biiuspascitur
1193 3818 1275 3873 opere
1287 3803 1368 3870 bono,
1383 3803 1451 3857 alius
1463 3802 1586 3873 exemplo
1599 3802 1671 3860 bono
1684 3819 1693 3858 ε

904 3896 983 3952 ambo
995 3897 1066 3952 enim
1079 3898 1210 3952 esuriunt.
1230 3895 1276 3951 ttte
1290 3896 1347 3951 uuit
1360 3895 1481 3967 accipere
1504 3895 1576 3952 uode
1597 3895 1694 3962 sistor,

905 3986 950 4043 ilie
964 3988 1020 4042 ruit
1030 3987 1122 4044 ridere
1136 3986 1209 4058 qood
1225 3983 1352 4043 imitetur.
1367 3987 1457 4044 Monet
1467 4002 1516 4043 nos
1529 3986 1562 4043 de
1575 3984 1627 4044 bae
1646 4001 1695 4043 re·

905 4079 983 4135 ritate
993 4079 1074 4134 etiam
1089 4079 1173 4135 sancti
1187 4079 1322 4149 Evangelii
1336 4078 1425 4145 lectio,
1440 4093 1500 4148 quae
1523 4075 1604 4134 modo
1628 4076 1697 4134 reci·

905 4178 959 4225 tata
974 4178 1025 4227 est.
1039 4166 1197 4225 Christianis
1210 4169 1280 4225 enim
1293 4168 1391 4224 dicitur
1414 4168 1440 4224 io
1456 4168 1539 4224 Βειιιιι
1560 4166 1697 4225 eredenti·

904 4259 964 4328 bos,
978 4259 1047 4318 bene
1059 4260 1241 4332 operantibus,
1252 4275 1327 4333 spem
1338 4260 1400 4316 rite
1421 4268 1531 4316 aeternae
1553 4274 1603 4332 pro
1616 4258 1695 4316 bools

904 4353 1029 4424 operibus
1049 4354 1280 4424 exspectantibus,
1297 4351 1348 4408 Vos
1367 4352 1426 4408 estis
1440 4353 1523 4407 iuoun
1542 4351 1641 4407 muudi.
1663 4350 1698 4409 iit

903 4447 1036 4504 universae
1056 4447 1154 4517 ubique
1175 4445 1279 4502 diduco
1301 4443 1431 4501 Ecctestae
1452 4443 1559 4511 dieitur,
1574 4440 1636 4498 Non
1649 4460 1697 4516 pa-

904 4546 952 4596 teat
967 4540 1055 4594 eluitur
1066 4537 1187 4594 ouandi
1207 4553 1286 4606 supro
1300 4547 1410 4592 montem
1422 4535 1558 4592 corastitutu
1580 4533 1696 4610 (licitis.

905 4649 934 4700 v,
949 4631 1004 4703 11).
1020 4629 1088 4698 Erit,
1100 4630 1193 4701 inquit,
1207 4628 1382 4684 ionoduimis
1410 4626 1564 4700 temporibus
1588 4625 1696 4701 munife-

904 4735 1040 4780 stosmuns
1053 4723 1143 4778 domus
1156 4720 1278 4788 iiomini,
1303 4731 1408 4792 perotus
1427 4721 1454 4777 in
1475 4719 1605 4776 acumine
1624 4737 1696 4777 oroo-
1783 4738 1786 4745 ⁴

904 4819 966 4872 tirum
978 4817 987 4888 (
998 4815 1064 4871 isui.
1078 4831 1108 4882 rt,
1120 4813 1162 4886 1).
1177 4814 1238 4885 ipse
1248 4823 1290 4870 est
1300 4829 1388 4880 mons,
1399 4812 1444 4885 qui
1456 4829 1491 4869 ex
1512 4827 1595 4884 parvo
1608 4811 1697 4885 lapids

905 4911 999 4975 crevit,
1012 4918 1041 4965 et
1051 4916 1134 4964 totum
1147 4907 1240 4963 orbem
1263 4907 1409 4963 crescendo
1425 4906 1544 4977 implevit
1558 4902 1646 4980 (Dm.
1660 4921 1696 4973 tt,

905 5001 950 5069 51,
964 5000 1022 5072 55).
1045 5000 1074 5057 io
1095 5001 1141 5057 illo
1163 4998 1310 5057 aediiicatur
1332 4999 1465 5065 Ecclesia,
1487 5015 1549 5072 quae
1569 5000 1697 5059 abscondi

905 5106 958 5147 noo
969 5101 1067 5164 potest.

938 5184 1052 5242 catut
1061 5183 1159 5240 11-1.
1175 5183 1290 5239 Leucono
1304 5183 1331 5239 io
1343 5181 1635 5257 modoino-Neque
1646 5198 1693 5240 uc·

904 5280 1013 5335 cendunt
1035 5280 1173 5345 lucernum,
1189 5288 1212 5333 et
1225 5287 1323 5348 ponunt
1346 5294 1401 5332 mot
1410 5277 1457 5332 sub
1472 5277 1577 5345 rmum,
1591 5277 1637 5333 teti
1649 5292 1697 5333 su·

905 5389 949 5443 per
963 5371 1151 5436 caudelabrum,
1168 5381 1195 5423 ut
1207 5371 1288 5423 iuceut
1302 5368 1417 5424 onruibus
1429 5369 1473 5439 qui
1498 5368 1526 5422 in
1547 5367 1623 5424 domo
1638 5376 1698 5425 sani

905 5462 1012 5533 (dotti.
1028 5477 1056 5528 ι,
1066 5462 1121 5530 ibi.
1132 5461 1205 5516 Bene
1219 5460 1336 5516 occurrit
1347 5460 1437 5526 lectio,
1452 5458 1560 5531 quando
1572 5458 1698 5517 sandeia·

904 5553 952 5609 bra
965 5553 1131 5619 dedicantur,
1148 5561 1177 5609 ut
1188 5552 1225 5607 sit
1236 5551 1281 5622 qul
1293 5560 1421 5622 operator
1436 5550 1544 5607 lucerua
1555 5551 1641 5621 posita
1666 5551 1695 5610 itt

935 5663 1102 5714 ‘emendatus
1111 5665 1202 5726 pariter
1210 5662 1239 5713 ad
1248 5663 1286 5713 cb.
1299 5661 1315 5712 1.
1326 5675 1347 5712 r.
1357 5670 1375 5713 t.
1386 5677 1410 5712 r.
1420 5670 1447 5713 et
1457 5662 1486 5712 ad
1499 5668 1549 5715 tat.
1562 5667 1618 5714 tot.

936 5725 972 5787 (n)
984 5725 1055 5789 elias,
1068 5727 1130 5777 iuter·
1142 5725 1234 5778 additos
1244 5738 1258 5775 a
1270 5727 1442 5777 tuidemibus
1455 5725 1491 5775 ii.
