3750 6270
125 171 177 229 tbi
737 164 765 219 S.
786 159 967 220 AUGUS‘ilNi
985 161 1137 221 Episcopi

126 299 181 341 tuo.
194 285 249 340 lloc
266 285 338 340 caim
351 283 422 354 ouod
443 291 484 338 est
505 281 641 344 memoria,
658 281 739 335 tacite
760 279 907 348 minitabas,

126 384 154 431 et
164 390 217 431 noa
229 375 346 431 dicebas.
360 375 423 428 lirat
435 373 460 427 in
473 382 509 437 te,
523 381 550 426 ct
563 371 681 426 nondum
695 381 803 426 ronerat
812 368 845 424 ad
856 384 908 423 rac.

127 465 164 523 ilt
174 475 262 521 auteur
277 464 347 535 quod
360 473 418 519 erat
429 463 455 517 ia
471 470 498 517 tc
511 461 674 531 proferrem
696 459 730 515 ad
751 475 804 525 me,
817 459 908 514 dixisti

126 559 213 628 ipsunt
227 570 342 621 nomen,
356 554 381 608 id
395 561 445 619 est,
457 551 592 608 lleraaria.
608 550 702 606 Audiri
715 567 722 604 :
736 560 851 621 quatuor
861 550 909 605 bas

128 646 243 717 syllabas
255 645 281 700 iu
296 643 403 699 nomine
411 643 547 698 memoris·
557 641 655 696 audivi.
666 640 784 707 Quatuor
797 639 910 710 syllalra·

128 750 187 790 ram
202 749 297 790 nomen
320 742 373 799 est,
395 747 447 788 ros
465 740 521 796 est,
535 732 639 799 sorrait,
659 730 692 785 ad
711 745 803 786 aurem
823 745 908 785 meam

127 825 267 896 processit,
275 821 357 878 arenti
366 821 466 892 aliquid
476 820 626 876 insinuavit.
637 820 713 888 Quod
725 821 814 876 sonuit
824 830 910 875 trans·

127 917 173 981 iit,
188 915 257 970 ande
270 914 431 971 insinuatum
443 922 471 969 et
485 912 556 982 quod
574 912 735 968 insinuatum
747 920 790 967 est
809 921 908 968 maaet.

126 1007 179 1062 Sed
194 1007 244 1062 boc
254 1020 354 1075 auaro,
368 1004 473 1075 quaudo
484 1004 575 1059 dixisti
595 1005 645 1059 boe
657 1018 755 1058 nornen
770 1003 908 1068 bamaria,

126 1099 200 1155 uides
213 1097 359 1168 cortenaia
372 1096 424 1153 boc
437 1111 535 1151 nomon
547 1110 601 1150 nou
613 1095 727 1165 pertinet
739 1094 792 1151 nisi
801 1093 835 1149 ad
850 1109 908 1149 me·

125 1191 248 1247 moriam.
262 1188 365 1246 saara
378 1187 450 1244 enim
463 1187 517 1244 duo
529 1187 627 1243 babent
638 1187 746 1242 aornim
759 1200 818 1242 sua.
830 1185 910 1242 llam·

125 1295 177 1352 que
197 1278 271 1335 aliud
293 1289 403 1336 rocatm
420 1276 580 1344 intellectus,
600 1276 673 1333 aliud
696 1276 835 1340 roiuatss,
856 1291 908 1331 noa

125 1369 253 1426 memoria
268 1385 276 1422 ι
290 1368 357 1425 iliad
375 1375 463 1425 sutem
481 1382 562 1423 naam
576 1375 686 1423 uocaarr
703 1367 842 1424 memoris.
856 1365 909 1423 Sed

124 1469 155 1516 ut
167 1460 218 1516 boe
227 1458 341 1525 diceres,
356 1465 386 1512 ut
405 1466 518 1528 paloor
532 1458 597 1514 istas
609 1457 725 1528 syllabas
740 1456 908 1527 operareris,

123 1549 196 1606 unde
208 1557 335 1620 operatus
347 1548 398 1606 esi
417 1549 473 1606 iioe
492 1563 589 1606 nomen
609 1549 680 1618 qood
696 1549 811 1618 pertinet
820 1548 854 1603 ad
864 1561 908 1604 so-

123 1640 176 1697 lam
190 1639 361 1705 memoriam,
375 1647 481 1710 operata
492 1648 534 1695 est
548 1639 574 1694 in
587 1649 649 1695 teet
666 1639 804 1703 memoria,
821 1647 851 1694 ut
869 1646 910 1695 te-

123 1746 202 1788 neres
211 1729 281 1801 quod
290 1729 415 1796 dicebas;
429 1738 457 1785 et
466 1729 626 1797 intellectus,
640 1737 670 1784 ut
681 1728 765 1785 scires
776 1727 848 1799 oum
867 1735 909 1783 te·

120 1821 224 1887 nebasa
236 1829 264 1878 et
278 1820 410 1888 rolutotas,
433 1828 463 1875 ut
476 1820 609 1891 prolerres
625 1819 696 1890 arrad
716 1819 830 1875 sciebas.
842 1816 910 1874 Gra·

120 1915 176 1969 tias
190 1912 302 1968 Domirm
320 1911 376 1967 lieo
388 1921 490 1967 nostro.
507 1909 617 1979 bdjurit
630 1923 688 1974 nos,
702 1916 730 1965 et
743 1908 770 1965 iu
792 1908 869 1966 robis
880 1915 910 1964 et

122 2007 152 2060 ia
171 2004 258 2061 nobis.
274 2003 344 2059 iere
356 2002 417 2059 dieo
428 1999 558 2057 charitati
572 2009 680 2068 restra,
695 2000 746 2057 boc
763 2000 909 2056 discatien-

121 2095 187 2151 dum
199 2103 227 2151 et
247 2092 435 2151 insinuandum
459 2091 637 2161 trepidissime
661 2104 802 2162 aggressus
822 2105 905 2146 eram.

123 2184 270 2241 Metuebant
283 2183 355 2240 enirn
368 2197 403 2240 ne
417 2181 486 2238 iorte
502 2182 663 2238 taertttmrem
679 2180 815 2252 capacium
831 2180 907 2251 inge·

122 2276 215 2344 nium,
229 2283 257 2331 et
270 2273 387 2330 iacerem
407 2286 488 2344 grave
512 2271 672 2327 tardioribus
694 2270 812 2327 taedium.
833 2269 909 2326 Nunc

122 2374 211 2422 sutem
223 2363 302 2421 rideo
316 2378 364 2418 vos
376 2371 405 2419 et
415 2363 563 2419 attentione
575 2361 718 2429 audiendi,
732 2370 761 2418 et
770 2360 907 2419 celeritate

122 2454 302 2528 intelligendi,
321 2468 375 2509 nou
389 2453 475 2508 solum
493 2454 645 2523 percepisse
657 2451 768 2518 dietum,
783 2451 830 2508 sed
841 2467 907 2523 pren

121 2546 225 2602 roiassc
238 2544 370 2600 dicturam
387 2542 512 2600 :Gmtias
522 2542 645 2597 Domiaao.

154 2635 267 2694 cacat
284 2633 331 2690 tx.
346 2663 383 2676 -
402 2633 448 2690 bi.
463 2632 504 2688 Ea
522 2633 562 2687 iris
585 2633 663 2688 tribas
685 2631 827 2687 iliustretur
849 2629 908 2686 Tri-

120 2726 207 2782 nitatis
229 2724 384 2795 rnysteriam.
408 2721 502 2778 Videte
522 2735 601 2792 ergo,
622 2721 676 2791 ianr
698 2735 807 2778 maurus
832 2736 905 2777 eorn-

121 2815 298 2887 meudoquod
318 2813 506 2880 ioteiieaistis;
528 2827 582 2868 noa
606 2813 711 2868 inculco
734 2813 905 2883 incognitum,

120 2907 170 2964 sed
182 2914 304 2977 repetem
328 2903 486 2961 commendo
501 2912 663 2973 perceptura.
685 2903 755 2960 Ecca
774 2902 808 2958 de
822 2903 907 2959 tribus

120 3001 172 3057 iltis
183 3013 289 3056 unares
303 2996 436 3054 nominata
456 3004 517 3062 est,
535 2995 613 3050 unias
633 2994 672 3050 rei
695 3009 792 3049 alimen
807 2993 907 3049 dictum

119 3099 161 3148 est
175 3108 182 3146 ι
195 3089 321 3147 treanta
334 3101 431 3143 nomen
453 3096 496 3142 est
507 3085 585 3140 unius
594 3100 626 3140 es
640 3084 693 3139 iilis
703 3084 802 3150 tribus,
823 3094 850 3139 et
864 3093 905 3139 ta·

119 3198 180 3240 meo
190 3196 287 3238 nomeu
299 3180 376 3236 unius
387 3194 422 3236 ex
430 3178 483 3234 iilis
496 3178 582 3233 tribus
591 3177 641 3233 tria
652 3177 708 3248 ipss
717 3184 825 3246 operata
833 3185 904 3230 suut.

118 3273 177 3329 Non
188 3272 272 3344 potuit
283 3270 334 3327 dici
344 3270 401 3326 sola
410 3270 550 3336 memoria,
558 3269 609 3323 uisi
620 3277 746 3338 operante
757 3267 902 3333 raluutate,

119 3363 255 3419 intellectu
268 3369 296 3417 et
308 3362 445 3417 memoris.
458 3359 514 3414 lion
536 3368 623 3428 potest
640 3358 692 3413 dici
713 3358 786 3414 solun
799 3357 904 3414 intelie-

118 3464 193 3518 ctus,
208 3453 257 3509 nisi
271 3462 399 3521 operante
412 3451 550 3514 auctuario,
564 3451 697 3509 roiurrtate
713 3459 740 3504 st
750 3449 901 3503 intelircta:

118 3562 167 3604 neo
181 3554 267 3619 potest
277 3543 329 3600 dici
341 3543 397 3599 soia
410 3543 532 3596 uolutans
545 3583 552 3605 ,
570 3541 619 3594 aisi
631 3548 760 3609 operante
774 3540 902 3595 anemoria

117 3649 145 3695 et
157 3636 293 3693 intellectu
304 3642 332 3692 et
343 3632 487 3689 rotunnae.
500 3631 637 3701 Explicata
648 3637 719 3696 suat,
734 3641 763 3687 ut
774 3631 901 3697 arbitror,

117 3744 176 3799 «puae
189 3726 317 3798 promissa
331 3729 394 3780 sont
406 3739 414 3776 z
426 3721 495 3793 quod
508 3721 649 3791 separatim
664 3720 848 3791 pronuntiari,
860 3721 901 3774 ia-

117 3815 429 3891 sepaninititcraoairari.
448 3816 535 3872 Unuca
549 3818 643 3871 borram
663 3816 780 3871 οιιιιιίιιιιι
801 3816 850 3869 tria
865 3815 902 3869 le·

115 3919 209 3966 contat
221 3928 228 3963 :
239 3909 286 3966 sed
299 3920 386 3965 museo
396 3909 448 3963 itoo
458 3923 538 3962 uaum
550 3907 620 3977 quand
633 3907 682 3960 tria
695 3905 830 3970 lecerunt,
848 3922 900 3960 nrm

116 4000 150 4054 ad
162 4001 210 4054 tria
221 4000 343 4068 pertinet,
358 3996 406 4053 sed
420 3997 452 4051 ad
475 4012 566 4051 aaurn.
588 3994 649 4050 Tria
664 3995 784 4049 incentat
803 4011 900 4049 aaaron

117 4089 270 4143 raemoriae:
287 4086 333 4142 sed
354 4088 404 4141 lroo
418 4100 470 4140 uon
487 4085 660 4154 pertiaetaisi
682 4083 716 4137 ad
737 4083 820 4138 solam
844 4100 900 4138 rrae-

118 4178 314 4235 incantantia
335 4178 561 4233 leceruntrrataeu
585 4175 758 4231 intellectus:
779 4175 826 4229 sari
848 4191 901 4229 ntttt

116 4271 230 4340 pertinet
240 4267 290 4323 nisi
302 4267 337 4323 ad
350 4267 434 4322 solum
453 4267 624 4322 intellectam.
640 4265 661 4320 t
664 4265 701 4319 ria
720 4265 840 4321 ieoeruat
852 4282 901 4320 ao-

118 4379 180 4419 mea
193 4361 355 4416 voluntatis:
372 4358 419 4415 sed
443 4372 496 4413 non
510 4358 624 4427 pertinet
641 4356 690 4411 nisi
703 4355 736 4411 ad
751 4356 834 4412 solam
856 4369 902 4410 rn-

115 4455 255 4509 lantatem.
265 4450 304 4506 lta
317 4449 433 4506 Trinitas
452 4447 516 4504 iecit
533 4462 640 4502 caricem
654 4445 752 4503 Christi
767 4464 774 4500 :
787 4447 834 4503 sed
848 4463 901 4502 arou

115 4546 231 4617 pertinet
243 4543 293 4599 nisi
314 4540 349 4597 ad
370 4541 456 4598 solum
479 4539 626 4596 Christum.
647 4538 763 4594 Trinitas
786 4537 849 4595 iecit
867 4539 902 4595 de

115 4636 185 4692 roelo
198 4632 348 4690 columbam
362 4648 370 4686 ι
384 4629 431 4687 sod
443 4645 496 4686 noa
506 4629 622 4700 pertinet
637 4628 688 4683 nisi
699 4627 733 4684 ad
745 4627 832 4684 solum
843 4627 903 4698 Spi-

117 4729 198 4782 ritum
219 4731 351 4779 sanctum.
365 4720 482 4777 Trinitas
497 4719 558 4776 lecit
581 4718 614 4774 do
635 4719 703 4774 cralo
727 4732 820 4774 rocem
833 4736 841 4774 a
855 4719 902 4775 sed

116 4832 169 4872 aon
184 4814 300 4886 pertinet
310 4826 362 4868 ros
374 4811 424 4866 nisi
437 4809 471 4867 sd
482 4809 566 4865 solum
581 4808 698 4865 Patrem.

151 4906 197 4961 22.
213 4904 280 4971 Quiri
291 4902 421 4959 aiiiisod
431 4901 547 4968 Patrem,
561 4901 622 4973 qaid
633 4903 668 4955 ad
680 4900 774 4956 Filiam
783 4911 807 4958 st
817 4901 902 4973 Spiri-

116 5008 167 5049 tam
177 5003 292 5050 sanatam
303 4993 435 5064 pertinent,
459 4992 621 5063 medendam
641 4993 801 5062 relinquitur.
821 4993 903 5050 Nemo

115 5100 179 5156 ergo
194 5083 353 5151 timanthi,
371 5096 451 5138 uerno
463 5081 643 5138 calumniosus
655 5097 698 5138 me
715 5083 848 5139 ialirmum
859 5100 903 5140 ur-

115 5193 180 5248 gere
201 5186 313 5235 conetur
327 5174 416 5244 :puto
429 5188 493 5245 ergo
505 5174 531 5229 in
541 5174 583 5230 ais
607 5175 691 5231 tribas
704 5190 763 5246 qum
777 5176 805 5231 ln
815 5187 904 5233 merite

118 5278 209 5327 nostra
220 5270 264 5327 rat
273 5269 300 5325 in
312 5270 399 5326 anina
412 5283 475 5325 esse
496 5267 654 5332 ostendisti,
675 5267 739 5338 qaid
755 5283 788 5325 ex
803 5268 844 5325 iris
855 5271 903 5324 tri·

119 5362 168 5417 bas
180 5362 296 5430 pertinet
307 5361 340 5417 ad
352 5361 457 5417 Patrem
468 5401 476 5425 .
489 5359 514 5414 id
534 5371 591 5425 est,
607 5360 682 5429 quasi
704 5359 737 5417 ad
750 5360 902 5427 similitudi-

118 5464 180 5505 nem
191 5449 288 5516 Patris,
301 5451 364 5523 quid
377 5450 471 5506 borum
484 5450 518 5506 ad
528 5450 599 5519 Filii,
612 5451 675 5522 quid
690 5453 784 5507 borum
796 5451 830 5506 ad
841 5451 903 5522 Spi-

118 5540 184 5599 ritus
197 5541 300 5598 ssuctii
312 5541 369 5599 lton
383 5556 490 5614 possum
499 5542 607 5602 dicere.
624 5561 677 5602 noa
696 5559 803 5617 possum
816 5548 902 5621 expli·

964 292 1034 331 care.
1050 277 1155 349 Aliquid
1181 279 1357 349 cogitantibus
1381 279 1580 352 relinquamus,

964 368 1069 422 silentio
1083 369 1234 439 largiamur.
1249 369 1315 426 Redi
1336 370 1371 426 ad
1389 379 1433 439 te,
1447 380 1475 428 et
1496 370 1531 427 sb
1541 386 1594 429 oott

964 461 1027 516 toiie
1036 470 1073 515 te.
1085 461 1155 516 intra
1169 470 1196 517 te
1210 461 1289 528 ride,
1303 463 1326 517 si
1341 462 1422 520 babes
1443 463 1498 520 ittic
1510 463 1594 535 aliam

963 550 1031 604 rium
1049 549 1127 606 darlre
1150 552 1319 609 corascientise
1341 562 1407 618 tttae,
1433 553 1478 609 abi
1500 568 1555 609 noa
1576 568 1594 626 p

963 639 1006 693 ubi
1022 654 1074 694 non
1085 640 1190 711 litiges,
1204 650 1250 697 ant
1262 641 1323 698 lites
1335 657 1429 712 pares,
1439 643 1484 700 nbi
1496 659 1549 700 noo
1566 642 1594 701 di

962 739 989 783 ot
1001 731 1176 799 pervicaciam
1188 731 1332 788 mediteris.
1348 732 1414 789 Esto
1425 743 1594 791 mansuetus:

962 820 1024 875 dum
1039 823 1165 891 uerbum,
1181 823 1359 895 utinteliigas.
1373 823 1583 882 liortcdicturas

963 912 1145 967 iaioteodolris
1156 913 1347 969 maimonem
1367 924 1392 969 st
1412 913 1534 982 ioeiitisat,
1548 925 1594 972 stt

962 1017 1028 1065 ossa,
1040 1001 1087 1056 sod
1099 1001 1232 1057 bamiiiatc
1242 1000 1327 1075 (Psal.
1338 1019 1365 1070 a,
1379 1002 1433 1077 ill),
1448 1020 1502 1060 uon
1514 1005 1594 1061 eiats.

996 1093 1108 1151 cti’iit
1127 1093 1161 1150 ii.
1172 1124 1209 1137 —
1219 1094 1264 1151 2³.
1280 1094 1347 1150 litae
1368 1097 1431 1153 sab
1444 1097 1594 1170 insatiatus:

961 1200 1082 1253 personas
1094 1194 1200 1254 possset
1210 1186 1383 1257 sepmabiiiter
1394 1187 1561 1243 demonstrari
1574 1198 1594 1245 et

962 1275 1044 1332 biiiter
1064 1277 1174 1347 operari.
1195 1276 1299 1335 saaca
1329 1293 1394 1348 ergo
1429 1279 1490 1351 quia
1512 1288 1594 1336 osten

960 1365 1081 1437 quadarn
1109 1366 1292 1438 separabiliter
1317 1367 1511 1435 demonstrari,
1535 1369 1594 1427 inse

960 1454 1075 1525 operari.
1087 1454 1116 1512 Si
1127 1455 1179 1512 boc
1191 1456 1217 1512 ia
1239 1465 1265 1513 te
1282 1457 1424 1525 invenisti,
1438 1458 1462 1515 si
1480 1458 1531 1515 boc
1545 1459 1594 1514 ini

962 1545 1049 1601 bocia
1063 1545 1176 1617 quadam
1190 1562 1304 1619 persona
1322 1549 1349 1605 in
1367 1558 1437 1606 terra
1457 1550 1594 1608 ambulant

961 1635 1053 1707 fragile
1063 1676 1071 1703 ,
1083 1637 1156 1708 qaod
1175 1650 1300 1711 aggmrat
1312 1639 1438 1707 animam,
1450 1650 1588 1713 portante;

962 1735 1028 1783 trem
1040 1737 1068 1784 et
1078 1727 1174 1784 Filium
1183 1738 1211 1785 et
1221 1728 1348 1800 Spiritum
1361 1739 1482 1787 sannam
1494 1747 1544 1803 per
1554 1731 1594 1788 sio

960 1813 1021 1872 dam
1034 1816 1164 1884 risibilia,
1180 1832 1229 1889 per
1241 1819 1344 1890 species
1360 1820 1488 1891 quasdam
1509 1836 1594 1879 assuta

961 1917 1027 1964 turae
1039 1922 1118 1980 posse
1128 1915 1156 1965 et
1168 1910 1350 1980 separabiliter
1360 1910 1554 1980 demonstrari,
1566 1921 1594 1970 et

960 1997 1048 2054 biiiter
1059 1999 1172 2069 operari.
1186 1999 1288 2057 Suiflcit
1299 2000 1360 2056 boe.
1375 2001 1514 2070 liondico,
1526 2003 1594 2061 Pate

966 2099 1018 2157 est,
1032 2090 1116 2146 Filias
1127 2090 1277 2148 intellectus
1294 2100 1350 2160 est,
1364 2091 1480 2164 Spiritus
1492 2096 1594 2151 volunta

961 2178 1031 2247 dico,
1040 2181 1174 2252 quomodo
1182 2181 1247 2238 libet
1255 2181 1426 2255 intelligatur,
1434 2199 1487 2240 non
1497 2185 1593 2243 audeo.

962 2270 1062 2342 majora
1076 2272 1255 2345 capientibus,
1268 2274 1380 2331 iniirmis
1396 2275 1493 2333 intirmi
1510 2275 1547 2350 (a)
1562 2293 1594 2350 qu

958 2361 1097 2418 manlieu
1110 2363 1170 2420 dico
1179 2363 1229 2420 ista
1243 2364 1413 2422 ill‘r'irinitati
1430 2367 1501 2424 reiut
1514 2383 1594 2440 squar

958 2450 992 2506 ad
1004 2452 1170 2523 analogiam,
1181 2453 1206 2510 id
1215 2462 1267 2524 est,
1272 2455 1306 2511 ad
1313 2456 1443 2513 rationem
1454 2457 1594 2529 quamdam

959 2543 1038 2598 tionis
1048 2542 1184 2615 dirigenda
1198 2562 1206 2602 r
1221 2561 1274 2602 non
1288 2546 1340 2604 boe
1353 2548 1422 2605 dico.
1437 2549 1491 2605 Sed
1503 2549 1594 2622 quidd

958 2633 984 2687 iu
1000 2644 1026 2688 te
1044 2634 1131 2691 inveni
1144 2637 1193 2692 tria
1211 2639 1393 2710 separabiliter
1416 2639 1594 2698 demonstrata

958 2725 1075 2781 rabiliter
1095 2736 1219 2797 operata;
1233 2739 1365 2786 eteorum
1380 2731 1460 2787 trium
1475 2749 1593 2806 unumqu

958 2830 1045 2872 mana
1056 2817 1139 2875 tribus
1152 2817 1264 2888 baum,
1279 2820 1349 2892 quod
1363 2831 1450 2879 tamea
1461 2838 1515 2879 non
1524 2824 1558 2880 ad
1571 2834 1595 2881 tr

958 2905 1036 2960 trium
1057 2907 1150 2964 irarum
1164 2925 1245 2965 unum
1257 2911 1355 2983 aliquid
1366 2913 1520 2983 pertineret.
1536 2914 1594 2973 Cret

957 2995 1027 3067 qrrod
1050 3013 1103 3053 noa
1119 3007 1195 3070 potes
1208 3000 1308 3069 ridere,
1333 3002 1414 3059 sibic
1429 3003 1526 3060 audisti
1546 3013 1575 3062 et

960 3084 1076 3142 tenuisti.
1087 3086 1116 3142 la
1130 3097 1157 3145 te
1167 3088 1238 3145 enim
1250 3091 1321 3161 quod
1334 3101 1392 3159 est,
1408 3103 1484 3164 potes
1503 3109 1583 3151 nosse

958 3183 983 3229 te
1001 3174 1064 3231 iecit
1079 3177 1150 3246 qatod
1168 3188 1224 3242 est,
1236 3179 1362 3250 quidquid
1375 3189 1432 3249 est,
1446 3183 1551 3253 quando
1560 3198 1594 3257 po

956 3263 989 3318 Et
998 3263 1020 3318 si
1032 3267 1147 3335 poteris,
1161 3268 1276 3322 nondum
1292 3281 1376 3338 pates.
1396 3271 1429 3326 Et
1443 3279 1529 3327 tamea
1542 3287 1594 3329 cua

955 3355 1081 3425 numquid
1094 3356 1131 3410 sic
1145 3357 1243 3426 potoris
1254 3374 1331 3414 nosse
1348 3362 1430 3415 ileum
1446 3370 1490 3427 tu,
1503 3377 1594 3433 qaromt

955 3444 992 3498 rit
1006 3445 1094 3500 Densi
1104 3446 1222 3503 Sufficiat
1233 3464 1296 3520 erga
1305 3451 1431 3507 claritati
1443 3463 1537 3508 vestrm
1552 3473 1558 3507 :
1571 3470 1594 3526 qr

954 3549 1031 3597 taus,
1054 3534 1187 3602 disarius:
1212 3538 1377 3609 exigentibus
1400 3545 1529 3610 promissa
1554 3548 1594 3600 ret

953 3634 1048 3680 caewra
1062 3642 1121 3696 quae
1132 3628 1252 3684 addenda
1262 3639 1333 3696 suut,
1351 3638 1378 3685 ut
1388 3632 1527 3703 proiiciaut
1537 3649 1594 3690 sens

953 3730 968 3768 a
981 3714 1092 3772 Domirm
1102 3719 1224 3788 quaerite.

1197 3855 1314 3911 sbtttiti
1333 3857 1385 3912 titt
1397 3863 1405 3881 ⁰
1419 3858 1468 3929 (li.

955 3957 1076 4012 Daurrbis
1088 3956 1217 4028 Etruriaelir'
1229 3960 1353 4026 liuttirrri,
1363 3961 1434 4016 Beati
1446 3976 1594 4034 pauperrss

989 4050 1032 4103 sed
1043 4050 1075 4102 de
1084 4048 1130 4102 bor
1142 4053 1250 4104 aruritae
1259 4053 1325 4122 qaod
1341 4053 1491 4121 dictumest,
1507 4054 1578 4110 Beati
1592 4073 1594 4110 i

988 4142 1580 4216 desquamataipsillctttnt·idelatat.i.'ap.r,

987 4252 1098 4308 CAPUT
1119 4253 1258 4309 Patauii.
1280 4287 1315 4296 -
1331 4259 1357 4311 l.
1382 4258 1476 4313 Ostanes
1495 4260 1580 4315 uoirrrri

955 4341 1057 4413 Pauper
1084 4345 1174 4414 spirita
1199 4347 1263 4416 prtia.
1294 4347 1465 4405 Saietanitatc
1493 4360 1591 4407 sattoioe

952 4449 1011 4504 aura
1044 4435 1221 4491 testimonium
1248 4437 1314 4492 dixit
1340 4439 1373 4494 de
1400 4439 1525 4508 Cirristo,
1558 4452 1586 4500 et

953 4524 1123 4581 aiummeruit
1141 4541 1156 4580 a
1174 4526 1297 4593 Christo,
1315 4530 1401 4599 palam
1417 4533 1525 4600 occisae,
1542 4547 1594 4589 ooo

953 4623 1032 4682 nata,
1058 4615 1232 4674 admonemur
1253 4619 1380 4676 charitati
1395 4631 1491 4679 vestrae
1504 4624 1538 4680 de
1551 4624 1595 4681 illa

954 4713 1025 4759 tuone
1033 4704 1118 4776 ioqui,
1130 4721 1209 4777 quam
1218 4708 1297 4765 modo
1310 4709 1438 4768 Dominus
1449 4728 1482 4768 ex
1495 4713 1594 4786 Erana«

953 4796 1039 4862 rebat,
1051 4797 1143 4855 dicens
1159 4800 1255 4855 multas
1269 4814 1363 4859 causas
1384 4802 1469 4861 beatae
1481 4807 1555 4874 uita,
1569 4824 1595 4880 qa

985 4949 994 4969 ·
1007 4949 1039 4999 ad
1050 4950 1089 4999 cb.
1102 4951 1128 5001 d.
1144 4958 1195 5002 t’ar.
1208 4960 1234 5004 et
1244 4957 1298 5003 tor.
1308 4954 1454 5019 recognitus.

997 5011 1023 5132 a*
1039 5008 1137 5074 supple,
1148 5010 1306 5065 imnumnn.

997 5071 1011 5120 b
1039 5071 1109 5131 alias,
1122 5073 1151 5122 ll
1159 5075 1322 5126 interadditos
1333 5088 1347 5125 a
1358 5078 1537 5129 parisiensibus.

996 5136 1021 5195 a)
1037 5139 1062 5181 ta
1074 5135 1172 5183 possidii
1191 5135 1295 5186 tuditnlo
1310 5138 1358 5187 duo
1370 5138 1393 5186 iu
1408 5139 1470 5187 istud
1483 5138 1594 5202 Eramgeli

954 5206 1080 5242 serranianus
1089 5203 1216 5246 notantur:
1226 5196 1288 5246 aiter
1299 5210 1351 5260 cap.
1359 5198 1384 5257 8,
1400 5206 1453 5249 atto
1463 5208 1517 5250 octo
1527 5209 1594 5251 scota

958 5274 969 5298 r
979 5255 1099 5315 tudinua1;
1111 5273 1122 5298 s
1134 5254 1196 5305 alter
1206 5269 1259 5318 cap.
1271 5257 1432 5320 iiioscrlptns,
1440 5261 1471 5310 de
1482 5262 1594 5312 laealitudi

955 5315 1042 5364 titulus
1060 5318 1137 5379 magis
1147 5319 1258 5380 oetapruit
1268 5319 1427 5382 subsequeati
1444 5324 1568 5383 semmai,
1588 5337 1594 5372 ι

955 5377 1222 5438 prioresltcatitudinns
1238 5381 1376 5441 attingenti.
1393 5385 1467 5444 liujus
1477 5396 1548 5446 pono
1564 5397 1594 5435 er

954 5436 1013 5487 tslori
1025 5435 1167 5488 collectione
1176 5440 1205 5487 ad
1217 5440 1303 5501 arabes.
1315 5457 1348 5501 ru,
1359 5446 1480 5504 reperitur
1490 5446 1536 5493 sub
1547 5446 1594 5495 isto

958 5512 1095 5549 «sertrtoae
1104 5501 1128 5548 in
1145 5499 1246 5550 basilica
1257 5500 1402 5552 'tricilIarum
1413 5519 1439 5553 :r
1454 5519 1509 5569 qum
1521 5505 1593 5573 r'tieii

955 5568 1008 5610 urat
1020 5560 1171 5623 taimbagiae.
