3728 6276
733 271 984 329 seanoccxcv.
1601 283 1671 343 435³

142 431 149 446 .
161 391 269 446 Dixerat
288 390 359 445 enim
375 390 431 460 ipse
445 409 451 444 :
467 388 506 443 Tu
519 405 544 443 es
557 387 672 445 citrium
684 388 767 444 Filius
779 388 831 445 Dei
884 401 914 446 ut
925 402 1045 449 mortuus
1057 393 1090 450 de
1100 403 1272 450 monumento
1284 395 1413 467 prodeat;
1428 397 1451 453 si
1467 412 1515 454 cor
1531 398 1622 470 tangit,
1641 409 1670 455 ut

142 483 238 538 laristus
250 481 287 535 illi
302 498 309 535 :
323 479 358 534 Et
372 479 556 552 candicanti,
572 479 638 546 Quia
652 492 679 535 ιιι
691 497 716 536 es
728 480 830 547 Perus,
885 482 985 551 peceati
1003 483 1136 540 confessio
1146 483 1217 541 iuras
1229 496 1315 542 exeat.
1328 486 1380 543 Sed
1393 502 1486 558 parum
1506 488 1593 546 adhuc
1607 490 1672 563 liga·

142 576 227 630 cnunc
238 583 335 644 petroni
344 570 622 642 edificuloEcctesionv
632 571 830 644 meum(lluttit.
885 583 926 628 tus
945 583 995 629 est.
1016 576 1142 632 Dominus
1160 593 1237 649 ergo,
1260 588 1400 651 postquam
1419 582 1485 637 exiit
1502 581 1618 638 Lazarus
1638 582 1673 640 de

143 670 176 738 t,
190 669 247 740 tt).
270 668 356 737 Super
375 665 443 721 hane
456 675 558 735 petram
576 664 717 721 aedidcabo
738 663 829 731 iidem,
884 676 1066 733 monumento,
1076 667 1110 722 ad
1120 666 1264 739 discipulos
1274 684 1345 733 suos,
1360 671 1455 742 quihus
1465 671 1580 742 dixerm,
1594 674 1672 741 Quoe-

142 759 282 816 rouliteris.
306 756 394 827 Super
408 757 458 811 lroc
470 755 541 825 quod
553 753 658 821 dixisti,
672 752 711 808 Τιι
722 768 748 807 es
758 752 832 806 Civi-
884 769 987 825 margus
1009 757 1132 811 solveritis
1145 758 1172 812 in
1195 767 1280 823 tenu,
1302 761 1386 815 soluto
1409 771 1481 816 nunt
1495 773 1519 817 et
1539 764 1567 818 in
1586 765 1671 820 culo:

142 852 199 908 ilittt
212 849 263 905 Dei
274 851 340 916 uiui,
364 847 501 904 aedificabo
514 847 658 902 Ecclesiam
674 860 770 901 meam.
790 844 831 899 tu
884 842 990 911 Solvite,
1006 846 1177 917 ingoltestat,
1190 859 1215 903 et
1229 850 1303 904 sinite
1314 850 1383 905 adire
1396 850 1484 924 (loun.
1499 869 1539 919 ιι,
1555 854 1600 922 63,
1611 852 1669 926 ld).

142 943 235 997 istrus.
251 946 273 994 Α
287 949 361 1010 petra
377 939 486 1004 Petrus,
502 937 674 993 nonaPetro
687 944 772 1006 petra.
787 934 832 991 Sic
885 933 937 990 Per
951 937 1127 1002 seexeitavit,
1144 938 1348 1010 perdiseipulos
1363 941 1450 996 solvit.
1589 946 1591 951 ’

142 1032 279 1094 aPetrus,
300 1028 459 1101 quomodoa
477 1027 581 1084 Christo
595 1026 771 1083 Christianus.
785 1024 831 1081 Vis
918 1028 945 1082 ὅ.
965 1025 1085 1084 Ecclesioe
1096 1030 1217 1098 fortitudo
1232 1042 1256 1086 et
1271 1033 1405 1103 infirmitas
1416 1035 1443 1088 in
1458 1033 1535 1090 Petro
1549 1036 1670 1108 figurata.

142 1123 177 1181 de
196 1139 248 1194 qua
267 1131 341 1194 petra
359 1123 453 1176 Petrus
473 1119 593 1175 dicatur?
615 1118 726 1173 Paulum
748 1116 829 1171 audi:
884 1117 999 1174 Proinde
1009 1121 1135 1177 Ecclesiae
1146 1123 1271 1179 fortitudo
1285 1125 1311 1179 in
1324 1125 1403 1181 Petro
1412 1127 1527 1182 maxime
1536 1142 1672 1184 cummen-

144 1217 234 1272 renim
248 1214 452 1283 «resignatam,
464 1210 575 1276 iratres;
590 1209 746 1279 »Apostolus
757 1206 832 1262 Clui-
884 1209 944 1265 data
954 1222 1010 1278 est;
1020 1214 1081 1283 quia
1091 1223 1197 1270 euntem
1211 1216 1244 1270 ad
1255 1217 1404 1286 passionem
1413 1227 1519 1273 secutus
1531 1218 1672 1274 estDomi·

142 1312 176 1375 it;
190 1307 276 1362 «Nolo
288 1320 334 1361 vos
343 1306 477 1375 ignorare,
486 1302 590 1368 iratres,
600 1302 660 1371 quia
678 1309 769 1370 patres
782 1312 832 1353 no·
882 1317 946 1357 num
956 1319 963 1355 ε
972 1312 999 1360 ιι
1008 1303 1274 1375 infirmitasquedam
1285 1316 1385 1372 notata;
1395 1309 1519 1379 quoniam
1528 1307 1671 1380 interroga·

142 1399 596 1461 messubnubciuerunt,ctnmnes
605 1400 829 1463 permaretraus·
883 1394 1671 1468 tusabancilla,negavitDominum.Eceeilleumatorsubi·

142 1506 156 1558 ,·
171 1498 199 1547 et
214 1504 307 1545 omnes
327 1489 353 1543 in
366 1487 456 1558 Moyse
468 1485 591 1555 baptizati
604 1493 666 1539 sunt
679 1484 705 1537 in
718 1482 790 1536 stulte
803 1490 831 1536 et
883 1492 910 1537 to
918 1494 1037 1554 ttegator.
1046 1486 1149 1543 lnvenit
1157 1503 1196 1554 se,
1205 1487 1250 1559 qui
1259 1500 1463 1560 presumpserat
1471 1490 1505 1546 de
1511 1506 1550 1546 se.
1562 1491 1671 1548 Dixerat

142 1582 166 1649 l,
180 1591 208 1637 et
226 1593 319 1635 omnes
333 1577 454 1634 eumdem
465 1576 553 1632 eibum
572 1574 736 1645 spiritualem
755 1587 830 1626 mau-
882 1574 963 1640 enim,
977 1576 1045 1632 sicut
1060 1579 1142 1633 nostis
1157 1597 1163 1633 :
1178 1577 1297 1645 Donatius,
1310 1588 1390 1634 tecum
1402 1597 1444 1635 ero
1461 1582 1583 1653 usquead
1599 1598 1670 1635 naor·

142 1683 225 1736 eruttt,
251 1682 278 1728 et
295 1685 389 1727 ontnes
406 1668 529 1726 eumdem
552 1677 643 1738 potum
665 1664 829 1736 spiritualem
882 1673 932 1718 tenu
946 1667 1099 1737 :etsiopus
1110 1667 1187 1738 {uerit
1206 1677 1232 1722 ut
1249 1671 1352 1736 morior,
1365 1671 1475 1725 enimam
1487 1689 1568 1726 meunt
1585 1689 1630 1745 pro
1647 1683 1671 1728 te

142 1776 179 1823 nt.
200 1765 331 1820 Bibebant
349 1763 420 1818 enim
439 1761 473 1817 de
488 1760 617 1830 spirituali
634 1767 762 1828 sequente
783 1773 830 1813 eos
882 1771 984 1824 ponam.
1001 1756 1033 1811 Et
1045 1757 1172 1815 Dominus
1184 1758 1217 1814 ad
1228 1771 1446 1832 presumptorem
1457 1764 1588 1817 :nmmum
1601 1775 1670 1819 tarum

158 1864 232 1926 petra
251 1861 339 1908 autem
357 1858 415 1908 erat
430 1850 549 1906 Citristus
562 1866 572 1900 t
592 1846 690 1920 (ider.
706 1862 740 1913 ι,
758 1844 828 1917 Η).
880 1849 929 1907 ‘nro
943 1864 983 1902 me
996 1850 1094 1905 cotta?
1109 1849 1188 1905 Amen
1201 1851 1257 1905 dico
1268 1850 1321 1914 tili,
1334 1863 1469 1923 antequam
1482 1855 1564 1926 gallus
1577 1863 1668 1921 cuntot,

142 1945 201 2001 tude
212 1944 317 2000 Petrus.
882 1947 919 1992 ter
929 1955 968 1992 me
982 1942 1082 2012 nequitu
1096 1940 1201 2012 (liutai.
1216 1958 1288 2007 xxvi,
1304 1943 1400 2011 33-55,
1415 1954 1438 1999 et
1453 1943 1531 2000 loun.
1545 1962 1603 2014 xut,
1623 1948 1667 2015 tt,

142 2036 192 2094 >ut
210 2034 242 2089 ll.
264 2063 300 2075 -
318 2033 346 2087 Ξ.
362 2031 439 2087 Petro
453 2029 573 2086 Ecclesiae
587 2045 720 2099 pesonam
735 2029 830 2100 gerenti
881 2028 937 2098 58).
954 2029 1063 2085 Factum
1076 2041 1118 2086 est
1131 2032 1199 2102 quod
1219 2032 1378 2102 predixerat
1389 2035 1508 2093 medicus
1523 2055 1529 2090 :
1544 2037 1601 2093 deri
1614 2054 1669 2095 ιιοιι

142 2130 203 2183 ista
215 2126 287 2197 regni
300 2125 428 2180 coeiomin.
443 2122 493 2178 lini
507 2124 573 2176 dote
586 2130 653 2188 sunt,
669 2121 727 2192 puin
739 2119 829 2175 Eccle-
881 2120 965 2189 potuit
979 2120 1049 2191 quod
1073 2123 1242 2192 presumpsit
1263 2135 1386 2194 aegrotus.
1410 2124 1461 2181 Sed
1483 2127 1565 2198 quid?
1577 2127 1669 2185 Conti-

142 2219 197 2274 tuti.
209 2217 326 2274 canuno
335 2216 553 2288 pnusresuscitot,
562 2224 615 2269 tum
621 2213 734 2268 Ecclesia
745 2211 827 2267 soluit.
881 2223 934 2264 nuo
947 2212 1063 2279 respexit
1076 2225 1136 2265 eum
1151 2206 1291 2269 Dominus.
1306 2214 1350 2270 Sic
1367 2215 1495 2286 scriptum
1510 2228 1560 2286 est,
1579 2220 1617 2275 sie
1631 2220 1669 2273 ln·

142 2308 261 2366 uslesus
274 2306 418 2377 discipulos
432 2320 495 2360 suos
507 2314 568 2359 ante
580 2305 729 2373 passionem
742 2317 828 2368 stram,
881 2301 971 2370 quitur
984 2301 1152 2371 Evangelium
1169 2318 1177 2354 :
1195 2303 1312 2373 desperit
1331 2321 1388 2359 cum
1414 2306 1544 2372 Dominus,
1568 2317 1591 2363 et
1609 2311 1670 2366 exiit

143 2399 225 2465 ostis,
244 2397 345 2467 elegit,
359 2410 425 2465 quos
439 2394 580 2464 Apostolos
592 2392 742 2463 appellavit.
759 2392 829 2448 inter
881 2395 960 2461 form,
979 2399 1003 2444 et
1016 2391 1084 2460 licuit
1101 2407 1187 2446 amare
1202 2391 1276 2463 (Luc.
1296 2410 1360 2460 xxxv,
1376 2396 1485 2468 utut).
1496 2398 1566 2453 Exiit
1580 2403 1669 2469 sorus:

142 2506 174 2546 ue
186 2489 285 2559 ubique
301 2486 375 2542 solus
388 2485 492 2550 Petrus,
504 2484 584 2538 totius
596 2483 723 2538 Ecclesia
734 2482 831 2537 meruit
881 2478 932 2534 hoc
945 2490 997 2547 est,
1011 2479 1142 2538 confiteri.
1164 2478 1254 2538 Fleuit*
1267 2500 1362 2553 umore,
1385 2487 1429 2557 qui
1447 2498 1557 2543 noverat
1568 2505 1667 2547 amare.

142 2592 312 2651 tpcrsonam.
336 2576 451 2644 Propter
462 2574 546 2642 ipsam
568 2588 727 2643 personam,
750 2587 829 2643 quom
883 2569 998 2624 Dulcedo
1019 2580 1108 2625 secuta
1127 2581 1167 2628 est
1186 2574 1218 2627 in·
1232 2588 1333 2644 amore,
1348 2576 1424 2647 cujus
1438 2580 1585 2636 amaritudo
1598 2596 1667 2653 pru·

142 2671 264 2728 icelesiae
279 2668 357 2725 solus
382 2666 519 2738 gestabat,
533 2665 626 2720 audire
640 2665 752 2727 meruit,
775 2663 829 2717 Titi
880 2668 997 2714 cesserat
1009 2659 1035 2714 ie.
1049 2659 1150 2716 dolore.

142 2765 202 2819 utet
213 2762 285 2832 regni
296 2761 420 2816 culorum
433 2756 537 2828 (llottit.
550 2773 607 2822 ιιι,
623 2755 679 2826 id).
694 2756 747 2810 llas
757 2740 829 2811 enim
914 2748 1026 2804 CrlPllT
1050 2748 1093 2804 lV.
1104 2780 1141 2791 -
1153 2752 1180 2805 l.
1202 2751 1278 2807 Petro
1292 2753 1413 2810 Ecclesice
1433 2759 1553 2814 unitatem
1571 2762 1665 2832 sigtriss

143 2869 197 2910 uun
214 2853 295 2907 homo
308 2866 395 2915 trous,
413 2848 460 2904 sed
480 2850 567 2903 unitas
578 2847 680 2917 aceepit
693 2846 828 2901 Ecclesiae.
880 2838 947 2891 cunti
964 2854 1021 2893 oues
1037 2839 1161 2895 odiristo
1173 2845 1360 2899 commendatae.
1379 2846 1430 2902 dur
1446 2857 1483 2903 ter
1502 2850 1665 2921 interrogetur

142 2960 186 3017 rgo
207 2945 277 3002 Petri
296 2942 457 3004 excellentia
470 2940 641 3016 predicatur,
663 2939 725 3015 quia
746 2937 830 3014 ipsius
880 2927 973 2990 Ptittt
991 2929 1023 2990 dt
1041 2945 1086 3018 tte
1108 2947 1201 2993 ummo.
1218 2933 1311 2994 liurito
1329 2937 1409 2994 etiarn
1424 2947 1484 3013 post
1496 2945 1661 2999 ressurrectio

142 3036 221 3097 pugg
231 3051 257 3096 et
267 3038 378 3094 ungatis
388 3038 513 3092 gecpespae
524 3036 634 3106 figuram
645 3035 736 3105 gessit,
746 3048 830 3104 quan.
880 3041 940 3081 nem
961 3026 1089 3082 Dominus
1103 3028 1152 3097 ipsi
1166 3029 1244 3084 Petro
1259 3046 1322 3086 oves
1336 3046 1398 3088 suas
1411 3035 1605 3092 commendavit
1618 3053 1652 3108 pa

142 3133 226 3188 ictum
238 3139 288 3195 est,
302 3127 360 3183 titt
382 3128 465 3192 trado,
478 3127 548 3198 quod
566 3125 689 3181 omnibus
703 3111 829 3181 traditum
880 3117 1000 3183 scendas.
1014 3117 1071 3174 Nun
1091 3119 1161 3175 enim
1182 3121 1250 3176 iuter
1263 3121 1406 3194 discipulos
1424 3126 1497 3182 solus
1509 3129 1606 3184 meruit
1618 3146 1651 3200 pa

142 3237 186 3278 am
204 3229 234 3276 ut
257 3220 387 3276 noveritis
408 3219 554 3274 Ecclesiam
583 3217 719 3287 accepisse
741 3216 829 3272 claves
876 3213 955 3267 'scere
967 3211 1112 3268 dominicas
1125 3227 1209 3268 oves:
1225 3213 1272 3269 sed
1287 3217 1393 3285 qnando
1405 3216 1527 3275 Christus
1539 3220 1572 3276 ad
1586 3237 1658 3286 unus

142 3312 285 3378 stobrum,
312 3310 402 3366 audite
423 3310 450 3365 in
471 3308 524 3364 alio
541 3308 601 3364 loeo
619 3306 682 3379 quid
701 3307 829 3362 Dominus
880 3301 1005 3373 loquitur,
1030 3303 1117 3357 unitas
1139 3304 1357 3373 commendatur;
1381 3316 1408 3362 et
1431 3308 1509 3364 Petro
1534 3311 1666 3381 primitus,

142 3403 251 3459 mnibus
265 3401 402 3470 Apostolis
421 3400 486 3455 suis.
507 3399 619 3468 decipite
631 3398 756 3469 Spiritum
768 3414 828 3452 son·
879 3394 939 3463 quia
953 3393 979 3446 in
998 3394 1132 3463 apostolis
1153 3394 1246 3450 Petrus
1259 3405 1300 3451 est
1315 3389 1424 3466 primus.
1441 3397 1530 3454 Simon
1548 3398 1667 3470 loannis,

142 3493 168 3549 Et
178 3492 327 3548 continuo:
352 3489 383 3546 Si
399 3490 440 3544 cui
453 3490 597 3543 dimiscritis
611 3498 729 3559 peccota,
745 3489 829 3543 diuu‘t·
880 3481 964 3552 inquil
976 3481 1113 3547 Dominus,
1129 3499 1200 3538 “mai
1222 3485 1281 3538 Μ
1303 3485 1453 3556 Βθὸβθῐῐῧῑῑ
1474 3489 1527 3556 ῙΙΙΘ,
1546 3488 1619 3544 ΑΜ·
1634 3492 1669 3546 El

142 3585 183 3652 εἰς
202 3585 225 3640 si
245 3584 319 3655 cujus
340 3582 481 3647 tenesmis,
504 3580 650 3634 tenebuntur
671 3577 766 3649 (loun.
782 3586 827 3643 ιι,
880 3574 975 3629 iterum
990 3574 1176 3644 interrogatus,
1197 3576 1292 3630 iterum
1313 3576 1462 3647 respondit.
1485 3580 1518 3634 Et
1535 3581 1667 3636 tertioin·

142 3677 162 3747 i.
186 3674 242 3730 lloe
254 3673 287 3728 ad
301 3673 391 3728 clares
405 3672 536 3740 pertinet,
560 3669 594 3724 de
615 3669 709 3739 quibus
729 3669 828 3724 dietum
881 3672 1037 3733 terrogatus,
1053 3672 1080 3718 et
1100 3672 1225 3735 tauquam
1251 3666 1288 3720 illi
1309 3682 1361 3722 nou
1375 3669 1510 3737 credatur,
1524 3672 1668 3728 contrista·

142 3779 182 3819 uc
193 3763 315 3817 miseritis
327 3763 354 3816 in
366 3769 448 3826 terro,
469 3761 551 3815 solute
564 3768 637 3814 erunt
655 3767 679 3813 et
698 3760 726 3813 in
746 3759 828 3822 celo,-
881 3763 932 3808 tur.
948 3753 1000 3808 Sed
1011 3754 1143 3825 quonrodo
1156 3756 1180 3810 ei
1193 3772 1245 3811 nou
1259 3758 1398 3827 credebat,
1413 3761 1457 3831 qui
1471 3777 1517 3817 eor
1526 3763 1584 3832 ejus
1596 3762 1667 3820 vide

161 3853 295 3924 ligaveritis
314 3852 341 3905 in
363 3861 447 3916 terro,
473 3851 552 3921 ligatu
570 3858 642 3903 aunt
665 3858 688 3903 et
708 3850 735 3902 in
756 3850 828 3903 coeio.
879 3845 943 3902 bati
965 3846 1085 3916 Denique
1108 3857 1168 3917 post
1191 3848 1261 3904 illam
1286 3851 1420 3906 tristitiam
1445 3853 1483 3908 sic
1504 3854 1666 3922 respondit:

142 3958 163 4001 e
174 3944 255 4000 Petro
269 3943 345 3999 dixit.
372 3941 409 3998 Ut
422 3944 491 3996 scias
511 3942 571 4010 quia
587 3941 681 3995 Petrus
699 3941 829 3995 universae
880 3935 988 3991 Domine
1007 3945 1033 3991 ιιι
1049 3938 1098 3992 scis
1110 3939 1205 4007 omnia,
1226 3950 1253 3993 tu
1273 3941 1322 3995 scit
1333 3944 1393 4014 quio
1410 3959 1467 3998 ome
1481 3953 1510 4000 te.
1527 3943 1583 3999 Non
1595 3947 1667 4002 enim

880 4028 924 4097 qui
944 4028 1030 4080 omnia
1046 4029 1108 4092 scis,
1124 4028 1174 4082 latre
1187 4029 1274 4084 solum
1295 4032 1391 4086 neseis.
1412 4032 1470 4088 Noli
1493 4034 1576 4090 tristis
1594 4050 1665 4104 esse,

141 4126 177 4181 tid
196 4124 321 4180 omnibus
333 4122 454 4179 fidelibus
468 4123 589 4177 sanetis:
607 4140 617 4173 ι
636 4121 664 4176 Si
678 4122 830 4192 peccaverit
880 4115 1024 4185 Atoswltt
1041 4116 1274 4186 respondtstmel.
1290 4120 1421 4191 tesspffltdtt
1436 4121 1541 4189 lictum,
1555 4139 1666 4196 respon·

142 4213 220 4270 lrater
239 4221 321 4280 tuus,
344 4213 449 4283 corripe
469 4211 543 4267 illum
563 4213 632 4268 inter
652 4221 679 4268 te
697 4221 725 4269 et
744 4213 829 4284 ipsum
880 4203 915 4264 de
938 4208 1026 4264 tertio.
1041 4207 1094 4264 'ier
1116 4209 1204 4264 vincat
1224 4209 1250 4265 iu
1272 4226 1363 4268 amore
1383 4214 1524 4283 confessio,
1545 4216 1605 4286 quia
1627 4224 1668 4272 ter

142 4348 143 4358 ,
165 4305 195 4361 Si
219 4319 273 4361 non
288 4314 314 4361 te
326 4303 459 4370 audierit,
479 4302 574 4359 adhibe
588 4312 674 4358 tecum
689 4319 770 4358 unum
785 4311 832 4358 aut
881 4301 950 4355 victa
970 4310 1011 4355 est
1032 4301 1058 4354 in
1079 4301 1174 4356 timore
1190 4305 1371 4375 praesumptio.
1388 4305 1548 4363 Solvendum
1563 4316 1603 4364 est
1616 4319 1665 4376 ter,

147 4395 275 4466 scriptum
290 4403 331 4450 est
349 4393 436 4457 enim,
456 4392 485 4448 ln
503 4407 550 4449 ore
563 4393 673 4449 duorum
691 4401 737 4448 aut
751 4394 830 4449 trium
881 4389 953 4461 quod
967 4390 1097 4461 ligaveras
1108 4402 1157 4446 ter.
1168 4391 1246 4448 Solve
1258 4409 1443 4463 peramorem,
1456 4397 1526 4467 quod
1541 4400 1667 4471 ligaveras

142 4502 168 4556 ι,
188 4485 270 4541 stabit
287 4484 499 4540 omneverbum.
514 4483 606 4540 Since
620 4485 691 4553 ipsos
706 4485 829 4551 audierit,
883 4496 931 4552 per
945 4480 1079 4534 timorem.
1101 4481 1134 4534 Et
1153 4489 1241 4537 tamen
1263 4483 1391 4538 Dominus
1413 4487 1507 4552 semol,
1521 4489 1666 4554 etiterum,

141 4577 167 4634 m
184 4577 333 4633 Ecclesiam
350 4595 357 4632 :
372 4577 394 4632 si
414 4591 464 4632 nec
484 4576 569 4645 ipsam
589 4575 718 4643 audierit,
733 4577 768 4633 sit
784 4576 830 4632 tibi
881 4578 909 4626 et
922 4571 1010 4634 tertie,
1024 4583 1087 4624 oves
1100 4584 1161 4625 suas
1172 4572 1367 4628 commendavit
1379 4574 1467 4630 Petro.
1662 4578 1665 4587 '

144 4683 169 4722 m
188 4667 313 4722 ethnicus
331 4674 360 4722 et
377 4666 541 4737 publicanus.
564 4668 648 4722 Amen
670 4667 730 4723 dieo
743 4666 829 4736 vobis,
917 4660 1030 4717 caret
1041 4659 1072 4715 V.
1083 4690 1119 4702 ·—
1132 4660 1158 4715 5.
1173 4659 1205 4713 ln
1220 4659 1366 4717 Donatistae
1380 4663 1501 4719 dominici
1511 4667 1593 4739 gregis
1604 4667 1668 4722 diui-

142 4771 191 4828 pute
217 4756 364 4827 ligaveritis
390 4757 417 4811 in
442 4763 530 4820 terra,
564 4755 641 4826 ligata
662 4764 738 4811 erunt
759 4765 786 4812 et
803 4758 830 4812 in
882 4769 960 4809 tora.
974 4752 1119 4817 Attendite,
1138 4751 1234 4809 iratres
1253 4754 1306 4809 mei
1322 4772 1329 4808 :
1344 4752 1436 4821 Posce,
1450 4757 1543 4826 inquit,
1558 4759 1668 4815 auiculas

160 4855 188 4903 et
207 4861 384 4918 quaecumque
411 4847 542 4903 solveritis
567 4849 594 4902 in
622 4856 715 4916 terra,
744 4850 830 4905 soluta
882 4863 960 4914 meas,
975 4862 1136 4916 posceopnos
1147 4843 1314 4916 meosiloan.
1325 4863 1381 4911 xxv,
1394 4848 1501 4919 lidi).
1518 4849 1598 4905 Posce
1610 4867 1667 4906 oues

142 4938 195 4993 ttiu
205 4938 273 4993 eoelu
288 4937 413 5007 milatus.
423 4953 497 5004 ιιιιι,
507 4937 611 5007 l5-i8).
622 4937 747 4994 Columba
755 4938 829 5010 ligat,
879 4935 950 4991 'naeus
965 4936 1115 5006 :numquid
1129 4936 1204 5001 dixit,
1220 4935 1409 5004 monstrasse,
1424 4939 1492 4994 bone
1504 4953 1590 5006 serve,
1604 4946 1668 4998 oves

142 5045 166 5085 ta
178 5029 274 5095 solvit;
287 5029 428 5084 aedificium
436 5045 515 5099 supra
523 5037 623 5098 petram
635 5030 697 5102 ligat
705 5040 732 5087 et
741 5031 829 5087 solvit.
882 5026 1038 5094 dominicas,
1060 5027 1187 5081 habentes
1200 5025 1361 5082 dominicum
1380 5026 1569 5086 characterem.
1585 5029 1669 5085 Num-

142 5118 193 5176 ’ΠΤ
215 5118 261 5176 ΙΙΙ.
287 5148 323 5160 -
343 5119 465 5174 Timeant
489 5120 578 5190 ligati,
607 5123 716 5176 timeant
738 5122 828 5177 soluti.
877 5118 943 5190 ‘quid
957 5119 1028 5173 enim
1046 5116 1144 5172 Paulus
1156 5116 1431 5194 moooiiscrucificus
1451 5120 1562 5175 estluut
1579 5122 1667 5176 inno·

142 5211 187 5266 luti
203 5220 276 5275 sunt,
296 5211 408 5266 timeant
420 5225 453 5264 ne
466 5210 579 5280 ligentur
593 5230 599 5264 ε
612 5211 656 5280 qui
673 5211 745 5283 ilgati
756 5219 827 5280 sunt,
882 5210 949 5264 nsine
965 5209 1036 5289 Petri
1052 5218 1079 5264 et
1091 5207 1168 5262 Pauli
1180 5208 1298 5280 baptisati
1310 5210 1368 5264 estis
1381 5208 1403 5282 (Ι
1418 5207 1476 5264 Cor.
1491 5225 1510 5274 ι,
1524 5211 1585 5280 l5)l
1599 5212 1668 5282 Ergo

146 5308 177 5356 ut
199 5301 346 5356 solvantur.
384 5300 516 5355 criniculis
541 5312 698 5372 peccatorum
725 5320 829 5358 suorum
882 5316 962 5374 pasce
986 5316 1050 5356 oves
1070 5300 1145 5371 ejus,
1170 5301 1273 5356 ablutas
1297 5301 1432 5371 Baptismo
1457 5302 1524 5372 ejus,
1550 5303 1667 5372 signatas

142 5390 214 5461 uque
233 5391 418 5461 constringitur
437 5389 534 5463 (Prae.
549 5407 582 5458 ι,
597 5391 649 5464 ii)
663 5411 670 5446 :
686 5403 712 5448 et
733 5402 831 5464 praeter
876 5391 989 5446 'nomine
1014 5390 1082 5461 ejus,
1105 5390 1257 5460 redemptas
1281 5391 1408 5460 sanguine
1431 5391 1498 5461 ejus,
1514 5390 1604 5458 Posce,
1626 5395 1667 5448 iu-

142 5481 279 5553 leclesiam
300 5481 366 5537 nitrtt
385 5481 506 5538 solvitur.
526 5482 705 5551 Quatriduano
724 5493 829 5539 nturtuo
882 5486 949 5556 quit,
964 5501 1020 5540 oues
1039 5501 1116 5539 meas.
1130 5483 1196 5538 Nam
1216 5483 1334 5540 haretici
1355 5485 1424 5539 servi
1440 5485 1500 5538 mali
1513 5492 1541 5539 et
1554 5485 1665 5557 tingitiri,

143 5571 270 5641 ,lusum
283 5574 358 5645 prodi
370 5578 449 5647 [orm.
461 5573 495 5628 Et
504 5573 601 5645 prodiit
610 5573 644 5630 de
655 5585 830 5631 monumento
876 5575 952 5648 'quod
966 5590 1018 5631 non
1033 5585 1155 5629 emerunt
1169 5572 1318 5628 dividentes
1330 5574 1390 5640 sibi,
1404 5573 1479 5630 etde
1493 5573 1569 5629 lurtis
1585 5591 1666 5644 pecu

155 5663 251 5735 ligatus
267 5664 426 5722 manibuset
442 5663 563 5736 pedibus.
577 5664 681 5729 Excitat
691 5664 830 5736 Dominus,
881 5669 918 5725 iis
929 5677 1053 5739 maguam
1063 5665 1169 5738 propria
1181 5664 1317 5732 iacientes,
1331 5679 1392 5722 suas
1404 5680 1466 5723 oues
1478 5667 1528 5722 sibi
1543 5667 1664 5723 videntur
